3868 5712
857 263 1041 326 ,g

93 381 214 434 naqnanr
234 362 382 451 potuimus.
403 369 470 444 Qua
484 365 561 423 enim
572 363 710 426 aemo'atia
730 365 922 442 mihi,qarve
960 371 1121 444 quemlibet
1138 369 1269 433 nuum
1286 375 1570 436 heminuad'inrtar'

88 447 265 528 comparatio
279 457 351 526 ‘oum
372 439 484 499 homine
501 439 626 512 lutura,
646 442 726 516 cujus
748 451 775 496 ot
796 441 923 500 vertendi
961 439 1012 506 llic
1030 468 1123 506 meum
1143 447 1266 511 formans
1280 453 1359 508 sedeo
1370 479 1378 492 -
1391 453 1529 512 utensi

93 531 193 598 norma
213 513 387 588 plurimum,
407 519 509 588 etipse
528 537 615 572 sermo
635 515 813 573 latinusadeo
833 539 922 574 amco
1001 544 1006 550 ·
1073 527 1183 600 spretor
1203 508 1316 604 Olympi
1369 495 1377 524 '

93 581 211 655 differt,
233 601 263 644 ut
281 591 384 646 multos
404 593 483 666 ejus,
503 594 548 648 vel
561 595 591 647 in
612 612 690 666 prosa
710 595 835 648 oratioue
849 638 861 661 ,
882 589 923 649 lo'-
1326 569 1335 599 ’

92 681 142 716 coa
163 665 241 752 tarde
266 667 386 756 uirque,
409 669 539 744 quosdam
562 678 654 724 autem
683 689 717 722 ne
743 669 780 724 sic
811 671 923 745 quidem
964 676 1102 750 Hicparis
1122 677 1237 750 stirpem
1259 677 1430 736 mihiformo
1449 678 1530 734 sortia

94 740 257 812 intelligere
272 753 431 818 potuerim?
451 746 530 800 Enim
551 765 613 799 vero
633 743 770 819 Seyffert,
794 763 880 819 qnum
893 748 925 802 in
963 741 1028 823 Quas
1039 751 1134 806 fruens
1147 771 1253 808 mecum
1274 754 1449 828 tolerantque
1464 795 1473 821 ‚
1488 717 1597 808 medum

94 815 282 944 {mintium
312 819 479 906 carminibus
503 841 519 874 a
545 840 573 878 se
596 820 738 874 translatis
766 824 925 894 praemissa,
964 832 1028 900 Quae
1049 829 1332 901 gemena,gaudene,
1350 840 1398 886 tua
1434 829 1604 886 medonem

117 901 219 946 retrone
239 912 289 948 nec
314 895 397 948 nimis
426 897 539 950 obscura
560 937 567 964 ,
592 906 619 949 et
647 897 713 948 satis
740 895 829 950 latina
860 915 925 952 usus
1079 905 1197 958 Numina
1218 915 1334 965 temnat.
1409 871 1417 900 ³
1609 867 1618 896 ⁹

97 977 169 1020 esset
181 1009 189 1036 ‚
208 968 239 1022 in
253 969 339 1023 altera
352 1012 360 1038 ,
373 973 514 1041 paterere
525 974 585 1044 ejus
598 973 745 1044 praemissa,
760 970 834 1027 haud
845 973 902 1026 scio
917 1013 925 1040 ,

96 1061 132 1094 an
162 1043 236 1098 male
255 1045 431 1119 palpantium
451 1047 577 1103 laudibus
595 1046 740 1102 audentior
761 1048 844 1102 etiam
864 1046 926 1102 lec·
1001 1049 1045 1105 Διὶ
1069 1047 1198 1104 Schilleri
1215 1069 1351 1120 carmen,
1378 1071 1441 1107 cum
1463 1069 1518 1126 quc
1538 1049 1731 1105 Prometheum
1748 1044 1795 1100 Ῑιῑο

96 1129 218 1206 tus','eo.
234 1139 323 1208 nsque
350 1123 472 1210 torrenti
494 1123 576 1209 copiae
596 1121 765 1196 confusaeque
792 1123 927 1188 volubili·-
966 1125 1276 1198 conjunxi‚redeo:in
1295 1147 1350 1203 quo
1370 1129 1392 1189 si
1415 1114 1797 1203 qaidFeuerleiniicompa-

97 1194 345 1280 taturudulsrt,ut
365 1217 458 1252 omma
478 1197 524 1253 hrc
544 1199 860 1270 riteintelligere,non
870 1200 928 1262 mi·-
966 1219 1027 1255 rare
1052 1203 1112 1270 vis,
1136 1221 1199 1258 cum
1227 1203 1295 1258 meis
1325 1209 1388 1262 citu
1411 1204 1497 1260 seriel
1520 1211 1573 1260 ete.
1597 1199 1691 1259 confer
1718 1197 1795 1254 illiue

96 1268 146 1335 hr,
168 1271 215 1324 sed
234 1273 359 1326 omnium
379 1275 468 1328 latine
481 1272 766 1328 doctissimoarduum
787 1271 859 1346 lore,
871 1293 927 1328 nou
967 1277 1098 1352 strophen
1118 1278 1283 1334 secundam:

98 1356 225 1410 metuam,
244 1346 401 1408 adfirmare.
421 1350 474 1410 Sed
498 1369 560 1405 ecoe
575 1349 702 1426 strophae
722 1358 840 1408 uestras.

373 1493 609 1550 PROMETHEUS.

100 1644 200 1701 Nubila
223 1650 335 1705 subtexe
357 1661 437 1706 tuum
459 1670 579 1725 vapore,
663 1701 667 1708 .

96 1725 228 1796 Jupiter,
241 1727 358 1795 eoelmu,
378 1748 447 1802 puer
464 1739 550 1802 utque
571 1736 702 1781 truncant

101 1799 220 1854 Carduae
236 1842 243 1868 ,
264 1821 381 1874 quercus
392 1803 550 1877 feriensque
561 1803 627 1857 suda

199 1877 346 1933 'Fulmine
358 1889 467 1936 montes
480 1905 487 1950 ς

101 2029 163 2080 Stat
177 2027 247 2084 milri
266 2027 351 2084 tellus
371 2040 487 2101 tamen,
512 2041 595 2108 atque
613 2037 737 2097 tectum,

103 2103 167 2176 lpse
181 2105 255 2178 quod
275 2106 363 2160 struxi
389 2107 449 2162 sine
469 2119 497 2162 te
508 2151 518 2174 ,
531 2107 697 2181 locumque,

100 2179 136 2232 Et
156 2199 251 2234 meum
271 2181 416 2254 splendere
435 2182 530 2239 videns
552 2183 657 2240 dolebis

220 2256 336 2318 luridus
350 2259 456 2332 ignem.

103 2391 208 2476 Nempe
230 2394 306 2470 inops
326 2395 402 2452 vobis
421 2417 495 2472 ego,
515 2397 562 2468 di,
582 2397 632 2454 aab
652 2395 739 2454 aethre
784 2433 787 2440 =

107 2466 155 2522 ml
173 2469 353 2542 magisuori‚
374 2475 446 2548 stipe
467 2477 543 2547 queis
563 2474 697 2530 litantem

102 2542 200 2598 Macra
216 2546 345 2620 majestas
358 2551 429 2606 nitet
440 2549 586 2626 halituque

218 2623 296 2679 Paete
307 2637 470 2698 precantum
481 2668 488 2695 ‚

108 2776 208 2842 Pasta,
230 2777 364 2832 mendicis
385 2778 531 2852 puerisque
553 2777 638 2833 donec

107 2851 173 2920 Spes
190 2850 265 2923 viget
284 2853 387 2910 stultis.
405 2857 475 2909 Puer
494 2857 571 2928 ipse,
594 2874 647 2928 quo
669 2869 715 2907 rue

109 2926 271 2996 verterem,
290 2931 392 2982 erranti
415 2929 514 2985 dubius
528 2931 627 2985 tuebar
664 2921 666 2927 ¹

230 3005 345 3066 Lumine
356 3005 461 3076 sotem,

113 3162 168 3213 Geu
180 3176 255 3212 moos
267 3157 353 3212 nubes
366 3175 446 3230 super
460 3155 534 3210 auris
553 3164 624 3210 essct

118 3235 243 3288 Arrdiens
264 3235 536 3307 questus,lsuper·um
555 3230 689 3304 gementis
710 3270 719 3298 ,

114 3314 150 3366 Ut
161 3327 268 3375 meum,
289 3327 340 3363 ceu
355 3327 401 3362 cor
421 3310 549 3363 miserere
563 3317 664 3382 posset.
714 3303 716 3309 ’

229 3384 379 3456 Quis'milri
400 3394 496 3438 contra
758 3377 760 3380 ’

118 3537 237 3592 Praebuit
253 3537 365 3590 Titanas
385 3553 463 3608 opem
477 3543 641 3608 protervos?

112 3619 185 3684 'Quae
206 3611 401 3670 manueletum
419 3610 508 3679 milri,
525 3630 583 3683 qum
599 3617 709 3661 catenae

118 3689 269 3764 Reppulit?
284 3691 418 3752 Sacrum,
435 3696 483 3742 tua
503 3704 595 3740 nonne
607 3683 719 3738 flamma

235 3768 338 3818 Cuncta
350 3763 458 3838 peregit
470 3805 478 3831 ,

120 3921 219 3978 Pectus
230 3919 244 3970 'l
260 3913 395 3980 illusum,
410 3911 526 3985 juvene,
538 3911 592 3965 lieu
605 3952 612 3977 ,
630 3909 806 3981 bonumque,

103 4015 106 4020 ·
121 3997 196 4046 Itum
220 3992 374 4064 quiescenti
389 4009 470 4062 super
484 3999 556 4042 astra
577 3996 698 4059 gratum·

106 4081 109 4088 ’
124 4069 237 4124 'Vindici
252 4065 369 4138 flagras!
385 4067 441 4136 Ego
460 4074 525 4118 tene
543 4063 698 4118 honorem?

236 4145 314 4206 Unde
326 4145 339 4197 l
351 4141 451 4196 Dolore
546 4168 550 4177 ›

122 4353 195 4407 Num
210 4347 278 4424 quid
298 4344 442 4401 adflictum
462 4343 603 4412 relevare,
618 4363 684 4398 uum
695 4343 763 4418 quid

126 4426 210 4482 Annii
230 4443 308 4478 curas
327 4421 453 4476 inlribcre
470 4419 592 4476 fletum?

124 4505 171 4560 Me
194 4501 287 4558 airum
305 4517 396 4552 nonne
418 4498 592 4572 omniparens
605 4497 662 4551 dies
674 4515 733 4550 ee·-

241 4578 385 4648 'l'ernaque
405 4571 481 4641 fati,

123 4733 199 4798 Quos
210 4723 294 4779 hahes
308 4737 418 4776 mecum
431 4717 569 4787 dominos,
579 4727 699 4792 potestas

123 4802 278 4862 Praestitit?
296 4800 354 4853 Neu
373 4795 447 4850 forte
469 4794 561 4848 odium
583 4801 678 4848 tenc're

124 4881 171 4935 ars
181 4889 261 4954 putes
273 4875 336 4930 ritas
350 4915 357 4940 ,
371 4871 507 4946 placitura
527 4869 665 4946 quondam

240 4955 298 5007 lieu
310 4949 380 5006 mihi
401 4955 497 5022 tesqua
511 4971 518 5014 ς

130 5115 234 5176 δοωιιὶὶ
254 5113 349 5171 llorcm
363 5112 494 5188 quianon
509 5106 596 5166 ¹secuti

1239 1401 1241 1424 Ι

1007 1433 1096 1485 Ornat
1113 1429 1259 1503 juventam
1279 1429 1329 1485 flos
1348 1429 1433 1486 semel
1448 1427 1546 1499 ,haud
1563 1427 1648 1484 redux

1006 1507 1117 1574 Fluxit,
1138 1525 1215 1560 meus
1236 1507 1352 1580 jamjam
1362 1506 1460 1579 genius
1476 1503 1566 1565 facem

1049 1581 1186 1636 invertit:
1201 1585 1353 1637 extinctum
1369 1624 1377 1650 ,
1390 1581 1513 1647 sodales,

1079 1658 1158 1716 Flete
1174 1660 1229 1714 mei
1244 1659 1351 1732 ingenii
1368 1659 1508 1731 vigorem!

1010 1812 1122 1883 Aapag.
1145 1807 1301 1864 tesceiam
1324 1817 1349 1863 1.
1371 1809 1402 1858 In
1418 1801 1529 1876 strophe
1551 1813 1632 1856 trous
1649 1806 1702 1852 etc.
1723 1811 1804 1868 tepea

974 1899 1019 1940 eet
1031 1898 1079 1939 tuo
1099 1885 1190 1938 doleri
1205 1883 1296 1937 reddit
1307 1883 1441 1938 wuolzeru
1454 1883 1537 1934 delore
1556 1875 1734 1930 mimeram.
1749 1871 1809 1922 ltla-

977 1963 1019 2032 gis
1044 1961 1079 2014 ad
1100 1959 1179 2014 verba
1202 1960 1306 2014 diceres
1329 1972 1377 2012 tuo
1403 1961 1458 2012 erit
1479 1955 1575 2029 stenae
1598 1951 1709 2016 dolam
1735 1942 1808 2000 illud

977 2046 1071 2092 tamen
1090 2037 1173 2090 malo.

1012 2191 1054 2244 De
1065 2205 1130 2243 roce
1148 2188 1254 2242 memte
1265 2181 1327 2240 ride
1338 2201 1401 2258 pag.
1430 2188 1484 2236 156
1499 2197 1571 2247 ‚sen
1592 2177 1618 2236 l.

964 2393 966 2397 ,
988 2366 989 2372 ’
1017 2341 1057 2392 Aa
1068 2355 1130 2411 pag.
1152 2342 1199 2390 ea.
1219 2332 1318 2388 seriem
1336 2341 1363 2385 2.
1389 2327 1565 2404 Epigramma
1586 2322 1753 2396 inscriptum
1769 2322 1808 2380 ad

979 2417 1115 2472 Lucinam
1128 2409 1317 2486 germanicum
1331 2405 1414 2460 habes
1436 2423 1499 2478 pag.
1515 2405 1578 2456 lea.

937 2638 939 2646 s
1014 2588 1123 2657 Arpag.
1145 2589 1192 2635 to.
1211 2577 1311 2632 seriem
1324 2578 1346 2631 1.
1357 2573 1531 2648 Epigramma
1548 2568 1716 2642 inscriptum
1726 2559 1813 2620 ΒΜ
1876 2560 1882 2570 ’

979 2672 1096 2715 oeternoe-
1116 2654 1304 2730 germanicum
1320 2650 1403 2704 hahes
1417 2667 1481 2724 pag.
1503 2652 1567 2702 149.

1023 2806 1237 2885 Epigrammatis
1262 2806 1384 2877 Napoleo
1409 2805 1525 2860 numine
1545 2811 1645 2866 tutuo,
1663 2787 1736 2869 quod
1753 2805 1817 2846 mu-

985 2889 1124 2954 tavimus,
1145 2892 1241 2938 auctor
1255 2900 1314 2935 rem
1332 2881 1371 2934 sic
1394 2876 1546 2953 expressit:
1584 2933 1585 2938 ,
1655 2933 1658 2938 ,

981 3037 1019 3090 'l'e
1034 3033 1106 3108 petit
1119 3027 1298 3095 enecandus,
1318 3024 1408 3079 fluctu
1425 3039 1510 3088 mare,
1520 3026 1625 3072 tartara
1637 3013 1777 3070 flammise

1021 3115 1104 3166 Arana
1117 3149 1125 3177 ‚
1138 3115 1227 3160 ratem
1237 3146 1249 3169 ,
1270 3121 1381 3158 currum
1397 3141 1406 3170 ,
1424 3108 1468 3152 ter
1485 3093 1551 3151 deus
1566 3096 1624 3169 ipse
1637 3091 1719 3165 regit,

1022 3301 1073 3360 Ubi
1085 3319 1161 3356 arma
1181 3296 1216 3352 ad
1235 3311 1440 3371 percussorem,
1455 3291 1526 3344 ratis
1538 3287 1573 3342 ad
1583 3285 1665 3341 maris
1673 3278 1795 3358 pericula
1810 3320 1819 3348 ,

992 3399 1090 3436 currus·
1104 3378 1138 3431 ad
1149 3385 1255 3430 tartara
1270 3413 1277 3441 ‚
1291 3381 1440 3442 utrumque
1456 3367 1492 3421 ad
1504 3363 1660 3420 machinam
1678 3359 1757 3413 illam
1775 3358 1823 3410 in-

993 3456 1129 3511 fernalem
1146 3450 1277 3505 refertur.
1311 3449 1401 3502 Unum
1421 3442 1557 3510 offendit,
1577 3439 1648 3512 quod
1669 3450 1726 3502 ter,
1749 3432 1823 3486 salta

993 3530 1185 3606 grammatices
1212 3526 1386 3599 lege,recte
1417 3519 1539 3591 intelligi
1572 3513 1688 3586 nequit,
1710 3509 1764 3563 nisi
1788 3508 1821 3560 de

988 3619 1034 3662 ter·
1049 3625 1124 3661 arma
1138 3647 1145 3671 ‚
1157 3615 1199 3656 ter
1211 3613 1299 3656 ratem
1314 3639 1322 3666 ,
1343 3609 1385 3652 ter
1398 3615 1509 3650 currum
1524 3599 1635 3666 regente
1648 3589 1746 3660 3idque
1756 3603 1824 3638 con-

989 3695 1034 3738 tra
1048 3691 1169 3738 auctor-rs
1182 3677 1348 3732 sententiam
1365 3715 1373 3740 ,
1392 3674 1439 3726 eui
1460 3681 1588 3724 caeterum
1614 3666 1665 3720 soli
1680 3661 1768 3718 omnis
1787 3658 1821 3712 ab

989 3762 1041 3815 lroc
1057 3759 1256 3833 epigrammate
1266 3753 1327 3807 laus
1348 3749 1472 3804 dclretur.

1029 3949 1070 3998 Aa
1086 3959 1148 4017 pag.
1162 3947 1207 3995 70.
1225 3934 1322 3990 seriem
1342 3932 1371 3990 2.
1391 3931 1565 4007 Epigramma
1574 3941 1661 4000 porto
1679 3922 1825 3980 Eeaerlein

994 4023 1079 4076 uertit
1098 4042 1103 4073 :
1118 4021 1197 4070 Porta
1210 4013 1305 4068 rudem
1327 4010 1360 4064 ad
1375 4010 1450 4080 leges
1462 4006 1561 4088 blande
1582 4009 1707 4071 invocet,
1723 4001 1774 4055 illa
1786 4001 1828 4054 ci·

994 4117 1055 4154 rem
1066 4094 1119 4150 sub
1137 4095 1222 4146 Dium
1242 4087 1322 4143 corde
1332 4086 1446 4140 lubente
1457 4084 1539 4138 foras.

1032 4251 1065 4302 In
1085 4245 1287 4319 epigrammate
1309 4243 1407 4294 enitor
1426 4259 1441 4291 e
1460 4233 1545 4301 nita,¹
1555 4234 1679 4304 perenni
1701 4242 1728 4283 te
1746 4228 1834 4282 menti
1887 4291 1896 4304 ι

997 4327 1122 4384 reddam
1134 4319 1264 4394 exprimit
1279 4335 1346 4370 erem
1361 4314 1459 4368 Ideule
1470 4313 1554 4383 saldra
1566 4336 1576 4376 ‚-
1591 4327 1646 4382 quo
1656 4315 1832 4370 sententiam,

998 4399 1214 4464 sulmbscuram,
1235 4395 1334 4465 utique
1348 4389 1498 4444 reddidisse
1518 4397 1656 4460 potamus.

1034 4557 1211 4631 Epigramma
1230 4553 1323 4617 metue
1334 4546 1519 4617 Arrtipatlrs'e,
1540 4552 1571 4598 ut
1592 4546 1622 4599 in
1641 4537 1834 4612 minutisque-

998 4656 1065 4710 que,
1085 4631 1205 4686 secundo
1219 4639 1293 4681 certe
1315 4625 1451 4689 disticho,
1476 4623 1518 4676 sui
1543 4622 1665 4676 similem
1684 4633 1838 4691 agnoscas,

997 4710 1143 4770 Ecucrlcin
1156 4705 1258 4762 vertit:

999 4877 1103 4928 Horren
1123 4873 1224 4935 turpe,
1245 4855 1334 4928 magis
1345 4853 1465 4906 detestor
1478 4890 1484 4915 ,
1496 4846 1566 4920 quod
1578 4857 1620 4900 tot
1632 4843 1742 4904 honesti

1038 4952 1173 5002 Pmrones
1185 4953 1267 4990 vanos
1279 4931 1502 5004 largiloquosqne
1515 4933 1599 4980 creat.

999 5019 1138 5094 llarnquid
1157 5015 1230 5069 idem
1242 5011 1369 5084 reprobas
1381 5011 1393 5060 't
1407 5007 1503 5056 -lion
1518 5016 1538 5054 o
1556 5001 1576 5053 si
1593 4997 1713 5074 percolat
1726 4997 1814 5054 cinni.
1828 5001 1834 5050 !

1038 5085 1092 5156 llct
1114 5095 1204 5149 Deus!
1221 5086 1310 5144 nuruis
1331 5083 1432 5138 ublrinc
1449 5086 1572 5133 transcat
1584 5075 1665 5130 licere
1677 5074 1772 5131 silens,
