3878 5718
142 412 300 496 disjectam
311 407 546 490 populisrincla
559 412 766 492 tyrannidem«
796 457 800 470 .

185 501 208 560 0
222 494 288 555 veri
298 491 517 574 nimiumboni

139 639 268 719 Ignoras
281 640 420 700 aninms!
444 639 484 700 Te
494 659 597 718 neque
611 654 765 704 marmore

139 724 238 786 Aedes
250 725 421 802 conspicua
435 767 443 796 ‚
455 721 595 802 Zephile,
610 743 668 784 nec
683 721 771 804 jurat
879 735 884 742 '

140 805 314 866 Sublimem
324 805 452 870 attoniti
463 803 575 864 tollere
588 807 738 876 verticem

223 885 315 966 Vulgi
336 885 457 967 judicio
476 905 592 966 oreque

140 1044 315 1105 Mirandum
328 1067 337 1121 5
357 1045 478 1124 sapiens
503 1045 558 1104 sed
588 1045 742 1114 dederunt
766 1048 825 1106 tibi

140 1128 177 1187 lli
191 1127 347 1206 culpaque
358 1147 465 1188 carens
475 1136 604 1208 pectus,
628 1137 659 1188 et
684 1130 844 1206 integrum

140 1209 235 1270 Sertis
251 1207 410 1286 ludibrio,
425 1229 520 1287 quara
538 1209 650 1271 metuit
668 1230 777 1291 parum
785 1257 794 1289 ,

226 1291 320 1352 Recte
334 1293 390 1370 qui
401 1292 531 1352 modicis
540 1292 605 1352 frui

141 1437 257 1498 Saevit.
283 1440 323 1498 Te
346 1441 488 1520 sequitur
507 1435 689 1517 dulciloqua
709 1436 777 1517 lyra

141 1519 266 1581 Cunctis
280 1529 368 1599 grata
382 1541 483 1584 eomes
508 1541 593 1581 musa
617 1518 794 1600 laboribus,

141 1601 347 1682 Terrenisque
366 1613 476 1687 potens
496 1602 610 1663 ducere
621 1603 746 1662 sedibus

225 1685 358 1747 dientem
384 1707 440 1768 per
457 1704 602 1768 superum
626 1684 747 1745 choros.

304 1952 355 2012 Dll
377 1949 630 2017 Pnovlourun
656 1951 803 2016 DIVINA.

426 2123 466 2180 ιι),
478 2103 686 2172 uaausunnuu.

144 2270 255 2348 llocto,
280 2290 320 2330 ne
341 2269 448 2330 credas
469 2273 608 2351 superis,
629 2272 825 2356 Thelander,

145 2356 248 2414 Rebus
270 2355 306 2413 in
323 2353 439 2412 nostris
463 2353 599 2416 nihilum
621 2355 733 2433 licere,

145 2438 364 2498 Nevesecuros
387 2453 479 2513 super
502 2445 584 2499 astra
611 2437 705 2498 vilem

230 2519 381 2599 spernere
402 2524 539 2595 terram·;

145 2681 283 2743 Blandus
297 2689 333 2741 ut
348 2672 470 2740 Graecos
492 2673 642 2760 Epicurus
670 2681 755 2748 inter

146 2762 307 2840 Tradidit,
335 2761 435 2822 stultae
451 2764 581 2824 rationis
592 2774 708 2843 auctor,

150 2845 219 2908 Sola
241 2845 294 2905 oui
312 2844 412 2904 dulcis
435 2844 553 2926 placuit
574 2847 703 2912 dolende

233 2929 311 2988 Ture
333 2926 487 3008 voluptas.

150 3051 284 3113 Grandis
308 3051 396 3110 huuc
414 3049 533 3130 plectro
555 3053 755 3134 nimiumque
781 3058 884 3120 suavis
917 3091 925 3106 ,

150 3135 245 3195 Ιιιιιι
266 3143 352 3194 rates
377 3134 537 3194 celebrans
561 3156 722 3215 peroras,

151 3219 281 3298 Absque
298 3216 442 3276 divorum
462 3218 576 3278 cecinit
601 3228 742 3282 creatum
820 3261 824 3264 -

235 3299 369 3365 Numine
392 3299 565 3377 muudum,
611 3323 617 3341 ·

151 3445 188 3505 Et
209 3465 315 3525 parem
331 3431 478 3504 membris
492 3432 668 3526 animmque
692 3447 836 3528 cladem,

153 3526 271 3588 Nobilis
284 3526 462 3606 quondam,
488 3545 585 3606 genus
607 3549 698 3590 omne
711 3532 819 3610 probri

154 3611 234 3671 Orbe
260 3628 359 3689 quum
387 3627 524 3690 praeceps
547 3613 670 3692 peperit
690 3617 818 3676 subacto
911 3639 914 3648 ’

235 3693 342 3753 Martia
361 3690 468 3754 Roma.

158 3847 228 3924 lpse
255 3843 307 3903 sed
329 3843 432 3903 lucem
457 3847 605 3907 miserans
627 3867 789 3925 serenam,

155 3928 265 3986 Pectus
284 3933 316 3985 et
334 3925 421 3986 nullo
446 3930 602 4008 trepidum
631 3933 790 4012 tumultu,
859 3956 861 3960 ·

158 4010 237 4070 Ense
251 4009 399 4086 trajectus
419 4009 566 4072 oclerasse
587 4013 643 4074 leti

242 4090 366 4152 Dicitur
387 4090 509 4154 horam.

161 4225 279 4288 Auctor
303 4223 357 4285 hic
378 4225 467 4286 nobis
493 4230 595 4306 gravis
617 4243 685 4308 est,
708 4235 903 4318 Thelander,

161 4311 229 4382 Quo
243 4309 311 4387 pios
329 4307 418 4367 malis
439 4309 570 4374 coluisse
601 4325 706 4376 rates:
788 4336 792 4341 ’

160 4390 259 4451 Latus
285 4399 322 4450 ut
346 4391 452 4463 viras,
481 4392 556 4472 luge
582 4409 693 4462 cuncta
721 4420 810 4466 coeca

246 4472 380 4532 Tradere
403 4475 489 4536 sorti.

161 4627 271 4686 liestat
293 4625 460 4706 antiquum
484 4630 623 4694 torisia
648 4599 785 4716 regentis

161 4708 292 4768 Dextera
332 4720 510 4790 sceptrum,
532 4735 634 4795 neque
658 4739 738 4782 rana
756 4732 860 4784 sontes

161 4788 304 4850 lblmina
335 4791 540 4873 horrescunt,
569 4819 672 4880 neque
697 4814 780 4868 certa
810 4817 989 4888 quenquam

246 4873 526 4956 Paene-relinquit.

99 5091 101 5098 γ
165 5011 288 5078 Cernis,
304 5019 339 5069 ut
353 5016 447 5096 spreti
457 5014 581 5094 fugiant
595 5038 651 5100 per
667 5022 794 5102 orbem,

165 5093 294 5152 Sedibus
313 5095 395 5173 pulsi
415 5099 523 5177 patriis
535 5144 543 5176 ,
553 5103 704 5178 nefandi,

962 311 1004 396 ι2

900 465 904 474 .
1003 422 1094 503 Regis
1104 421 1201 494 ,occisi
1212 411 1326 502 quibus
1340 437 1394 488 era
1406 433 1526 490 mutto*

1085 497 1179 564 Foeda
1193 507 1329 567 cruore?

1004 662 1075 723 Sera
1088 661 1132 722 sic
1144 663 1244 740 tangit
1258 663 1393 725 Nemesis
1405 666 1527 728 feroces

1005 745 1093 804 Cede
1108 763 1169 808 non
1184 744 1250 804 ulta
1273 745 1485 830 scelerumque
1497 751 1604 814 fructu
1614 787 1634 834 „

1005 827 1237 906 liegisinsontis
1252 829 1425 892 miseranda
1445 833 1572 896 taudem

1087 907 1162 968 Fata
1176 910 1359 990 rependens.

1006 1069 1094 1132 Clara
1116 1071 1154 1128 si
1163 1073 1275 1151 quari·
1289 1075 1389 1152 magis
1401 1073 1529 1136 ultionis

1005 1154 1098 1231 Signa
1113 1152 1243 1213 ooeleslis
1254 1176 1261 1213 :
1274 1158 1399 1234 gravior
1418 1158 1511 1218 ruina

1005 1236 1139 1306 Stravit,
1157 1244 1187 1296 et
1200 1237 1342 1298 miranda
1354 1241 1468 1320 magis,
1491 1239 1646 1322 jacentem

1087 1319 1183 1393 Quem
1201 1327 1303 1401 stupet
1320 1320 1416 1383 orbis.

1005 1467 1063 1533 Ille
1077 1473 1202 1535 mortali
1215 1477 1322 1553 generi
1343 1476 1521 1556 flagellum,

1006 1556 1130 1616 Nescius
1144 1557 1228 1618 flecti
1247 1560 1365 1639 gemitu
1378 1561 1530 1636 dolentis,

1006 1639 1126 1713 Sensit,
1139 1639 1292 1702 insultans
1313 1641 1423 1722 furiis,
1440 1644 1632 1708 tremendam

1089 1721 1233 1782 Numinis
1243 1723 1323 1786 iram
1338 1747 1348 1803 3

1007 1887 1065 1948 Ille
1089 1895 1242 1948 terrarum
1267 1887 1403 1950 domitor
1426 1891 1594 1972 superbus,

1008 1971 1119 2050 Captus
1139 1968 1268 2030 australi
1281 1971 1414 2052 pelago,
1438 1973 1568 2033 deorum

1009 2053 1102 2112 Testis
1123 2060 1169 2112 est
1191 2053 1276 2112 omni
1301 2055 1520 2117 memorandus
1537 2065 1606 2118 ae'vo

1093 2134 1209 2196 Cuncta
1231 2147 1405 2216 regentum.

1306 2446 1331 2505 V
1352 2445 1367 2504 1
1387 2445 1413 2542 ll
1432 2445 1456 2506 ‘l'
1474 2447 1500 2506 ιι
1519 2449 1549 2510 S.

1197 2630 1209 2709 (
1231 2628 1308 2692 Odoe
1337 2628 1452 2692 Helleri
1479 2630 1623 2695 imitatio.
1644 2635 1660 2713 t

1014 2809 1120 2882 Lente,
1145 2825 1186 2864 ne
1205 2822 1323 2884 quaeras
1335 2851 1344 2881 ,
1371 2825 1412 2865 an
1432 2805 1526 2866 inane
1549 2824 1665 2869 nomen

1015 2889 1113 2952 Corde
1138 2888 1194 2947 sub
1221 2908 1300 2967 puro
1330 2885 1477 2966 generata
1499 2889 1619 2966 virtus,

1014 2977 1099 3044 Neu,
1129 2970 1204 3030 deus
1229 2970 1434 3049 supraribret
1457 2989 1497 3030 an
1518 2971 1690 3035 rubentem.

1090 3051 1232 3114 Fulmina
1252 3060 1403 3112 montem.

1017 3221 1128 3284 Rideat
1149 3220 1261 3282 oculum
1286 3217 1368 3279 mala
1397 3219 1500 3291 mens,
1528 3219 1661 3299 prolana

1018 3307 1057 3365 Se
1080 3305 1174 3366 fidem
1199 3306 1320 3383 jactans
1333 3301 1470 3380 posuisse
1487 3299 1611 3380 lingua,

1018 3388 1128 3448 Rideat
1148 3394 1261 3446 sanctae
1277 3431 1285 3458 ,
1311 3382 1443 3445 tolerare
1455 3385 1580 3460 mollis,

1099 3468 1223 3528 Munera
1237 3469 1321 3530 ritae.

1021 3649 1148 3732 Respuit
1164 3650 1265 3710 virtus
1280 3647 1410 3708 humilis
1429 3647 1596 3728 superbum
1609 3673 1620 3722 ι

1022 3734 1164 3796 Aetheris
1177 3751 1281 3792 semen
1306 3731 1445 3791 referens
1455 3731 1495 3790 ab
1510 3735 1589 3808 oris,
1663 3753 1667 3758 ·

1023 3817 1153 3898 Respuit
1178 3822 1286 3886 casto,
1311 3815 1372 3872 nisi
1393 3815 1502 3892 cingat
1522 3815 1615 3895 ipsa,

1104 3894 1196 3958 Crine
1221 3916 1379 3958 coronam.

1023 4054 1133 4114 Serus
1150 4053 1183 4111 in
1210 4059 1307 4111 semet
1329 4047 1495 4110 simulatae
1523 4071 1679 4178 pugnam,

1023 4137 1160 4215 Impetus
1175 4135 1229 4192 irae
1245 4133 1400 4192 domitans
1416 4131 1570 4192 furentis.

1023 4212 1146 4278 Fortior
1158 4209 1287 4274 blandas
1314 4215 1503 4280 simulansne
1516 4213 1656 4282 flammas

1105 4300 1234 4358 llamnat
1259 4298 1399 4358 amoris?

1025 4465 1104 4523 Ture
1116 4460 1264 4521 virtutem
1293 4459 1414 4538 sapiens
1425 4479 1464 4518 an
1476 4458 1551 4538 ipsis

953 4566 957 4577 ·
1024 4544 1146 4604 Fraude
1174 4542 1224 4602 rel
1246 4541 1372 4600 demens
1390 4541 1466 4600 colit
1489 4543 1522 4598 in
1548 4539 1685 4614 catenis,

1025 4627 1148 4687 Nescius
1173 4625 1302 4694 lactum,
1328 4624 1481 4684 subeunte
1499 4631 1624 4699 morte,

1108 4708 1227 4768 Ponere
1248 4707 1396 4778 voltum?

1027 4861 1127 4924 Stulta
1145 4880 1230 4920 num,
1247 4859 1331 4919 dices
1355 4860 1470 4922 sociata
1495 4859 1612 4933 corda,

979 4957 980 4962 ’
1026 4948 1064 5006 Et
1084 4944 1218 5022 flagrans
1244 4963 1341 5002 unum
1360 4941 1493 5021 geminis
1508 4983 1518 5015 ,
1534 4941 1669 5007 amioum

958 5059 962 5065 ,
1029 5029 1066 5087 Ut
1079 5029 1189 5089 vadens
1210 5024 1332 5086 solveris
1359 5027 1495 5089 animam
1519 5033 1654 5108 tyranno

1111 5107 1222 5170 Tradat
1243 5109 1390 5180 amicus?
