3874 5726
967 388 987 432 V

134 473 955 557 veraiisussseetperiecisae,quam,adaeraprc-
1047 477 1163 538 Latinis
1187 476 1378 538 carminibus
1407 475 1483 537 meis
1516 475 1670 538 accedunt
1691 491 1789 553 graeca
1826 521 1837 552 ,

135 572 298 644 perantem
311 568 397 640 ‚pust
424 559 552 618 hona-et
565 557 687 634 egregia
710 567 864 634 postrema
886 556 956 618 vul·
995 559 1075 620 adeo
1096 560 1223 638 quidem
1242 579 1358 640 pauca,
1373 567 1409 620 ut
1425 560 1485 618 bec
1502 561 1569 640 ipso
1584 559 1707 619 veniam
1729 556 1822 615 abiis

132 647 243 722 geria,
266 655 297 703 et
315 652 476 719 utcunque
490 640 661 708 uertentis,
687 647 719 696 ut
734 639 810 698 mibi
829 641 956 720 quidem
996 663 1172 722 speremus,
1194 644 1249 720 qui
1264 641 1434 702 nec'iatiua
1454 643 1687 716 recentiorum,
1706 646 1762 699 aut
1769 683 1777 713 ,
1793 637 1819 696 si

133 729 285 789 videntur
296 771 303 798 ,
315 723 456 784 edidisse.
997 723 1281 803 hseeaiiquntenus,
1292 743 1390 802 grmca
1408 717 1509 784 tamen
1525 723 1609 783 nulia
1622 721 1684 805 jum
1699 722 1822 780 reticue

177 809 221 868 lie
234 807 411 888 praestantia
431 823 506 864 uero
520 803 692 862 carminum
708 799 875 862 voluminis
887 823 956 863 nos·
998 807 1158 866 toleranda
1179 805 1484 870 existimans..Graeca
1497 807 1633 885 denique
1643 803 1820 882 germanica

134 891 199 966 tri,
222 889 357 968 quudad
371 887 519 946 translata
533 887 666 956 attinet,
682 883 856 944 Germaniae
881 905 958 966 pce·
998 897 1171 964 sequuntur
1188 930 1195 960 ,
1210 909 1311 967 aeque
1327 888 1423 947 inuita
1445 889 1534 958 baec,
1549 909 1607 948 uec
1628 887 1707 956 alia,
1725 904 1832 964 quam·

135 981 240 1032 iarum
264 969 416 1031 ncuuuiie
428 969 523 1028 babes
536 989 552 1030 a
566 987 617 1040 spa
631 975 740 1044 perite,
761 974 795 1024 ut
819 987 881 1026 unu
897 967 955 1027 aiis
998 991 1079 1049 quac,
1095 971 1190 1030 latina
1205 991 1272 1029 urea
1286 975 1490 1049 ipseverteus,
1505 971 1682 1050 composui;
1700 967 1738 1026 de
1753 985 1815 1044 quo

135 1057 258 1130 magis,
270 1053 412 1131 quaedam
425 1071 498 1110 vero
517 1050 598 1128 apud
615 1058 735 1108 exteros
747 1069 872 1126 queque
885 1049 960 1110 ceie·
996 1053 1068 1112 vide
1081 1053 1118 1112 de
1133 1053 1181 1110 his
1193 1060 1308 1112 notata.
1321 1053 1358 1112 la
1375 1054 1455 1110 uotis
1470 1096 1478 1124 ,
1493 1073 1563 1132 qum
1578 1051 1715 1112 earmina
1737 1049 1821 1107 exei-

136 1137 227 1196 bratn
243 1157 251 1195 ι
267 1137 306 1195 de
320 1133 434 1213 quibus
447 1133 501 1194 hic
514 1132 559 1192 nii
573 1130 716 1190 addimus
733 1131 771 1188 ed
793 1150 848 1198 ea,
872 1152 940 1210 quae
948 1178 958 1209 ,
996 1137 1107 1216 piunt,
1129 1134 1206 1220 quid
1221 1135 1353 1193 maxime
1365 1133 1515 1194 voluerim
1528 1183 1536 1212 ‚
1550 1137 1623 1215 ipsis
1639 1131 1821 1193 brevissime

137 1220 171 1279 in
188 1220 284 1290 uotis,
299 1220 441 1297 quamvis
454 1235 570 1294 pauca,
585 1213 719 1276 diximus
733 1235 741 1284 ς
755 1211 809 1278 ubi
820 1213 957 1292 uec'iila,
996 1217 1144 1298 praedatus
1165 1235 1244 1275 sum.
1257 1217 1465 1289 'Qumstissuem
1477 1219 1515 1276 de
1525 1216 1689 1277 retinendo
1701 1215 1820 1288 liuguae

135 1321 207 1379 quse
222 1301 352 1360 minoris
366 1297 515 1358 momenti
531 1339 540 1369 ,
554 1295 677 1355 silentiu
693 1304 797 1369 ,certa
820 1315 883 1354 uun
899 1315 961 1355 cm·
996 1299 1102 1359 latinae
1117 1317 1176 1357 usu
1192 1307 1305 1358 tractat
1328 1301 1464 1358 carmina
1480 1300 1654 1380 precedens
1674 1299 1822 1356 disserta-

138 1387 210 1457 niu,
238 1382 442 1462 praeterimus.
466 1379 508 1439 be
533 1380 608 1438 meis
632 1385 759 1448 autem,
780 1378 863 1456 qucd
884 1378 960 1437 aiibi
997 1383 1059 1455 tic,
1083 1381 1168 1460 pcesi
1186 1389 1288 1440 tarueu
1313 1381 1477 1444 uecictiuae
1500 1380 1704 1440 defendendae
1726 1377 1821 1456 petis-

138 1465 294 1540 dixi‚hic
314 1472 473 1543 repetam:
491 1461 515 1520 si
540 1460 594 1520 iiia
619 1459 736 1520 scilicet
756 1461 817 1520 scia
843 1459 961 1520 edidis-
997 1465 1109 1522 simum
1133 1464 1286 1522 destinata
1315 1489 1326 1524 .·
1353 1483 1444 1541 quse,
1471 1485 1531 1524 una
1546 1484 1617 1524 cum
1643 1459 1819 1522 carminum

138 1567 220 1622 sem,
238 1566 311 1610 rane
325 1565 388 1606 noa
401 1551 501 1620 esset,
522 1563 578 1602 cur
591 1544 737 1620 cuiquam
750 1543 841 1602 vaide
862 1543 961 1620 piaci—
998 1565 1136 1606 memma
1158 1554 1246 1623 parte
1267 1565 1295 1604 a.
1324 1543 1406 1604 1822
1427 1546 1552 1624 vulgata
1570 1592 1579 1623 ,
1604 1565 1702 1627 quum
1716 1542 1822 1602 statim

136 1639 208 1689 ture
217 1630 384 1705 crederem,
393 1625 586 1694 truncantem
596 1623 960 1706 eumalieniseuajuncta,
997 1627 1183 1708 turpissimis
1196 1627 1344 1706 anonymi
1357 1629 1556 1700 mendaciis,
1579 1627 1770 1690 Beckiauum
1785 1623 1821 1686 iu

137 1711 209 1797 jure
224 1730 354 1783 resecr,
379 1729 439 1782 ue,
460 1729 522 1788 quc
543 1708 611 1768 baec
634 1715 705 1766 suut
726 1709 938 1787 praestantiora
949 1707 961 1784 ,'
996 1712 1201 1790 Repertcrium
1212 1709 1343 1786 receptis
1355 1750 1365 1783 ,
1378 1709 1529 1771 infamata
1547 1719 1625 1770 esset
1641 1751 1650 1782 ,
1671 1728 1734 1768 uon
1748 1697 1820 1764 ided

137 1815 208 1855 mea
225 1791 418 1874 comparanti
434 1789 536 1874 pejora
552 1790 664 1860 etiam,
681 1809 775 1866 quam
789 1809 861 1850 vere
883 1790 958 1867 sint,
997 1795 1099 1853 miuus
1126 1793 1202 1850 viris
1226 1791 1345 1864 ductis,
1368 1793 1436 1850 sine
1464 1813 1601 1873 personae
1627 1790 1744 1852 scilicet
1770 1787 1822 1850 uei

135 1877 316 1940 uideantur.
327 1879 516 1954 Argumsatc
528 1873 636 1943 eadem
650 1873 737 1942 uaria
748 1873 820 1942 satis
832 1872 960 1944 diceres.
994 1894 1102 1950 Ιιιιιιοιιι
1113 1872 1164 1932 uei
1175 1871 1246 1931 odio
1258 1892 1323 1954 rem
1337 1875 1581 1947 estimantibus,
1605 1894 1669 1934 uon
1683 1881 1822 1933 coutem-

137 1959 260 2026 lisbeat
271 1959 355 2017 enim
366 1967 397 2016 et
410 1955 606 2034 elegiacam
618 1953 878 2032 iisquenonuulia
895 1955 963 2014 icu-
998 1965 1061 2016 tam
1082 1955 1136 2014 sed
1160 1947 1322 2035 preb'a’tam
1354 1953 1496 2034 ecgnbsi.
1514 1957 1673 2033 Diximus,
1695 1974 1765 2037 qum
1786 1953 1821 2018 in

138 2043 288 2119 gissiusa,
311 2050 341 2100 et
366 2039 462 2120 lyrica
478 2080 486 2113 ,
509 2057 568 2096 uec
593 2056 691 2116 pauca
705 2083 714 2112 ,
730 2046 761 2097 et
775 2055 881 2096 omues
895 2037 961 2097 iere
997 2037 1057 2100 hac
1073 2037 1256 2118 praeiuticuc
1275 2036 1434 2100 declarare
1447 2050 1478 2099 et
1489 2059 1615 2098 munere
1638 2057 1738 2118 uperae
1751 2056 1822 2118 pre-

140 2131 313 2185 metrorum
336 2122 572 2182 horatiaucrum
587 2119 702 2178 foratas
718 2119 879 2178 reddentia
899 2119 962 2202 (de
997 2122 1077 2180 tium
1089 2121 1275 2200 putavimus.
1290 2119 1336 2179 Τιι
1349 2139 1423 2180 vero
1443 2165 1449 2184 .
1467 2122 1492 2179 si
1508 2123 1620 2200 quises
1636 2120 1735 2180 lector
1748 2139 1824 2199 pru-

138 2206 400 2284 quovideuctam
415 2204 454 2263 nd
472 2223 541 2282 pag.
554 2199 609 2279 36)
624 2222 632 2268 ι
645 2200 762 2260 habent
777 2202 906 2283 'satirica
930 2211 962 2262 et
997 2205 1076 2284 pitic
1099 2203 1134 2261 iu
1157 2201 1357 2277 neela-tinas,
1384 2204 1418 2262 iu
1435 2201 1622 2266 Fracssturii
1635 2250 1644 2281 ,
1658 2202 1792 2262 Lotiehii
1809 2243 1819 2272 ,

138 2288 303 2357 diductius,
317 2307 380 2346 nea
395 2285 491 2348 sanita
504 2285 629 2362 quidem
646 2286 781 2342 caranina
793 2308 802 2359 3
813 2283 867 2343 s'ed
878 2303 963 2363 quoe·
997 2284 1148 2354 Sirbierii
1179 2283 1334 2358 cultures,
1360 2287 1486 2360 auimo,
1508 2306 1567 2346 nec
1592 2305 1682 2360 mea,
1702 2285 1727 2343 si
1746 2283 1825 2363 quid

138 2371 213 2430 dem
227 2368 451 2448 lcaga,uuum
475 2367 699 2442 longissimum.
724 2365 785 2426 Nec
799 2387 872 2427 vero
894 2369 962 2446 epi·
997 2367 1116 2427 habeut
1130 2365 1193 2424 iliis
1213 2385 1275 2425 uon
1297 2367 1390 2426 nimis
1411 2369 1600 2447 indiguum,
1625 2375 1826 2442 contemnes3

138 2463 312 2536 grammata
326 2497 335 2528 ,
356 2471 393 2510 ae
404 2469 446 2510 ue
459 2449 665 2512 describentia
689 2449 814 2525 quidem
836 2469 962 2529 prorsus
999 2451 1046 2509 siu
1060 2448 1251 2510 neclatinum
1266 2448 1347 2507 nihii
1359 2470 1422 2510 ucu
1434 2449 1566 2524 fastidis,
1577 2471 1616 2509 nc
1637 2451 1681 2509 sic
1698 2449 1826 2528 quidem

137 2536 262 2610 desunt,
274 2555 336 2614 quc
350 2533 536 2593 trahendum
546 2543 683 2600 carmen,
693 2531 777 2609 quod
788 2533 964 2610 germanice
998 2533 1078 2596 mibi
1091 2531 1131 2592 cb
1147 2551 1262 2592 uorum
1274 2532 1539 2610 precatuum-nulla
1548 2533 1681 2616 posthac
1690 2533 1828 2592 carmina

139 2635 268 2696 quoque
286 2619 414 2692 damus,
436 2613 623 2694 inscriptum
637 2603 822 2696 Aquiap'rcca'
835 2619 964 2698 repionia
999 2615 1098 2676 latina
1110 2615 1340 2694 compositum,
1355 2616 1560 2676 succensebis.
1576 2616 1731 2675 Revocant
1742 2613 1827 2674 euim

139 2705 294 2766 ananciten
307 2745 316 2772 ,
332 2708 392 2759 etc.
1000 2707 1095 2760 meet
1115 2695 1193 2774 aiia,
1209 2694 1271 2778 jam
1287 2696 1404 2755 diutius
1417 2743 1425 2769 ,
1437 2719 1565 2770 uerear,
1586 2717 1681 2776 quam
1691 2696 1826 2772 licebat,

185 2783 233 2841 ab
248 2781 400 2847 amatorie
416 2788 518 2841 nutem
533 2797 667 2855 genere,
684 2778 819 2858 puciias,
834 2777 962 2853 amicas,
1001 2779 1168 2858 neglectu
1198 2776 1231 2839 e't
1261 2779 1328 2858 ipse
1343 2789 1438 2852 -aetcs,
1465 2780 1541 2848 scies
1562 2791 1750 2841 senescentem
1771 2780 1830 2838 ad-

141 2864 268 2941 omnia,
297 2873 428 2938 noctes,
455 2861 582 2930 dulcia,
611 2879 714 2920 amaru
738 2862 863 2920 canenti
879 2905 889 2936 ,
915 2861 966 2920 cui
1002 2863 1161 2937 clamans,
1180 2869 1217 2926 ut
1242 2880 1361 2938 musas,
1379 2863 1424 2922 nil
1446 2861 1624 2949 iuvitcjam
1645 2864 1736 2942 genio
1758 2869 1827 2922 ten·

140 2955 249 3027 poetas
281 2945 455 3006 ncaiatincs
478 2943 613 3022 quedam
638 2963 701 3008 nou
728 2947 848 3020 minus,
873 2963 967 3020 quam
1003 2954 1094 3020 tans,
1115 2945 1272 3003 amaread
1296 2943 1560 3006 extremum'vitae
1583 2945 1828 3023 satishabeam‚

141 3028 238 3098 alias,
255 3049 349 3106 quam
361 3027 527 3093 Goetheum
541 3027 685 3104 insit-piis
700 3031 847 3100 rcsncnis,
862 3023 967 3086 iudci-
1003 3027 1122 3089 dudum
1142 3045 1191 3088 me
1205 3026 1358 3090 bortatur.
1377 3028 1453 3091 Huic
1466 3027 1544 3094 adeo
1566 3029 1637 3092 roei
1665 3029 1828 3110 obtempe-

141 3129 217 3189 gere
228 3129 459 3188 cerneres‚egc
469 3110 517 3184 ‚si
531 3128 593 3166 unu
616 3129 739 3186 prorsus
750 3109 904 3182 abstinui,
933 3105 968 3170 id
1003 3129 1098 3183 rans,
1121 3107 1206 3167 valui
1230 3117 1335 3168 tamen
1356 3109 1449 3188 longa
1472 3131 1625 3180 annorum
1643 3103 1722 3178 serie
1745 3107 1829 3172 a'me

142 3203 230 3254 certe
239 3195 346 3262 curari
360 3239 367 3270 ‚
379 3201 414 3252 ut
430 3210 519 3270 ‚qum
535 3191 717 3270 paucissima
731 3237 740 3266 ‚
762 3201 877 3250 remota
893 3190 967 3268 qui·
1004 3192 1172 3271 coraposita
1187 3190 1290 3266 ‚edita
1301 3199 1395 3272 atque
1406 3194 1523 3252 inedita
1537 3187 1749 3274 ,paucissimis
1760 3202 1832 3254 tan·

139 3275 213 3335 dem
225 3277 310 3336 omni
322 3275 468 3349 iascivia,
486 3281 666 3346 occurrunt,
683 3292 718 3332 ea
733 3292 851 3332 suerum
864 3270 966 3339 iusum
1003 3283 1071 3334 tum
1083 3274 1234 3352 exceptis,
1250 3283 1390 3344 veterum
1405 3274 1580 3336 litterarum
1594 3287 1626 3337 ct
1644 3276 1761 3354 liuguae
1780 3275 1831 3336 la-

139 3377 225 3432 esae,
239 3359 440 3418 manifestum
463 3356 608 3420 facerem.
625 3355 783 3424 Nimirum
800 3353 899 3414 settin
914 3374 967 3414 ar.-
1004 3357 1077 3422 tinae
1092 3355 1268 3416 amantibus
1284 3357 1413 3418 collecta
1434 3359 1547 3426 offerre
1562 3383 1569 3419 ε
1587 3361 1699 3439 quihus
1721 3361 1746 3423 si
1760 3379 1830 3420 aer-

139 3451 308 3518 gumeutc,
331 3441 356 3498 si
381 3441 503 3519 propria
527 3456 696 3526 sequerer,
717 3436 799 3496 nihil
821 3456 894 3496 sesae
911 3445 965 3507 aut
1005 3439 1089 3498 sibus
1119 3439 1240 3518 plaeere
1261 3437 1378 3502 frustra
1405 3450 1533 3507 conatus
1554 3461 1643 3514 sum,
1663 3449 1747 3502 certe
1767 3441 1828 3506 hae

138 3522 236 3600 elegis
274 3532 328 3582 aut
354 3522 420 3601 ipra
446 3522 577 3598 diguam
597 3520 805 3598 suppetebat,
833 3527 865 3578 et
889 3518 965 3580 ficta
1003 3540 1130 3600 quoque
1156 3540 1248 3600 opera
1269 3524 1379 3581 studiis
1401 3523 1643 3585 adolescentium
1662 3524 1772 3588 utilem
1797 3544 1830 3591 se

138 3607 197 3694 pro'
209 3604 290 3663 veris
307 3605 486 3675 venditare,
499 3603 597 3680 idque
609 3601 763 3680 duplicem
785 3602 824 3660 cb
839 3619 963 3670 eausam
1002 3603 1142 3683 praebere
1153 3603 1329 3682 cupientem
1342 3625 1433 3664 nemo
1444 3599 1688 3684 reprehenderit,
1702 3607 1828 3685 quibus,

138 3685 237 3753 uolui.
252 3687 460 3758 Etenim,·tum
475 3687 509 3742 in
526 3685 593 3763 ipsu
605 3703 718 3761 genere
728 3683 966 3763 piamqueapud
1001 3687 1035 3752 in
1057 3685 1170 3746 litteris
1185 3685 1313 3764 latinis,
1334 3690 1582 3760 nevivavccein
1596 3685 1752 3770 posterum
1766 3688 1832 3748 lec·

137 3777 258 3832 veteres
283 3787 410 3846 quoqne
434 3769 560 3838 miuus,
585 3785 677 3842 quam
710 3777 821 3836 caetcra
845 3767 879 3826 in
899 3765 962 3826 iliis
1000 3768 1102 3837 diensi
1126 3769 1160 3826 in
1185 3770 1389 3829 universitate
1416 3771 1559 3849 prodesse
1588 3771 1702 3854 possim
1724 3791 1831 3847 ,nova

136 3853 326 3928 eminentia,
351 3849 492 3910 etmuita
515 3848 591 3908 sadec
609 3849 735 3907 fastidio
758 3850 963 3927 magisquam
1000 3869 1170 3918 munerum
1200 3852 1284 3910 iuter
1320 3851 1467 3912 ducentes
1498 3852 1652 3918 divisione
1683 3853 1831 3922 effectum

136 3951 231 4008 amc;
246 3943 312 3992 tum
324 3953 398 3993 vcra
410 3961 422 4007 ‚·
438 3951 509 4022 quse
524 3933 643 4007 maguis
662 3931 825 4008 ingeniis,
842 3934 959 4002 etiam,
1000 3941 1072 4006 est,
1093 3933 1253 4010 fixumque
1270 3935 1396 3994 interim
1409 3977 1418 4007 ‚
1432 3943 1549 3998 ueteres
1571 3955 1622 3996 me
1634 3937 1714 4006 mihi
1728 3943 1831 4018 partes

134 4015 219 4078 ubic
235 4035 366 4094 persona
382 4033 489 4074 eurum
502 4022 533 4072 et
549 4013 702 4092 dignitate
714 4012 900 4079 alienissima
914 4014 961 4072 vi·
990 4014 1122 4084 ,frustra
1139 4022 1288 4094 optante,
1312 4025 1428 4078 manet.

133 4098 203 4156 deri
224 4107 367 4177 possent,
381 4097 431 4157 rel
447 4115 560 4156 severae
582 4097 696 4155 tremis
711 4096 854 4158 homines
868 4095 961 4154 facile
1039 4097 1218 4170 Seribebam
1239 4097 1366 4181 Lendii,
1387 4119 1436 4178 m,
1456 4107 1534 4182 sept,
1557 4095 1587 4170 a,
1613 4095 1709 4172 1836,

133 4187 239 4246 tamen
268 4181 498 4253 condonamus,
519 4179 627 4238 cadem
651 4197 700 4236 me
725 4198 765 4237 uc
794 4177 978 4246 ridendum·

131 4261 227 4333 mato
254 4263 450 4352 preberent,
473 4258 543 4350 jure
562 4261 752 4328 metuissem.
