3868 5712
228 431 232 439 ,
313 433 318 438 ,
1064 401 1112 450 ne,
1123 399 1137 436 e
1147 379 1298 445 numerosis
1311 377 1549 456 ejus,quaeprmter
1564 385 1845 474 dramaticaecmposuit

197 435 224 506 td
246 439 334 522 ξεῖν,
350 443 505 518 ammi„
524 447 778 540 Awgmmfm'
791 445 927 544 345&st
1064 457 1230 544 carminibus
1249 454 1418 545 intentatum
1436 459 1589 547 reliquisse.
1609 471 1645 520 lit
1664 471 1735 525 enim
1751 471 1796 527 bec
1806 444 1857 548 juri

240 533 394 624 emsa,
406 545 472 620 τοῖς
491 544 590 613 “W
602 549 725 636 atrae
748 551 924 632 mitem·
1061 531 1694 680 litim?listi?mittentilllt
1714 557 1773 676 ll?
1787 569 1857 680 {lii

1062 685 1125 752 sari,
1137 685 1184 738 sed
1197 683 1305 738 laudari
1317 683 1447 758 potuisse.
1461 689 1562 763 Nempe
1573 690 1602 746 in
1613 692 1664 749 bac
1674 663 1773 771 qiroque
1784 701 1854 754 Eure-

1057 777 1100 835 pas
1109 770 1188 836 perte
1200 759 1274 814 docti
1288 759 1371 814 etium
1383 760 1516 836 philologi
1528 768 1622 840 poesin
1633 773 1791 828 neolatinam
1800 777 1854 831 adea

1059 855 1114 890 rrcn
1134 845 1252 902 curant,
1268 845 1317 903 ut,
1333 835 1399 910 qnid
1412 849 1539 911 praestare
1558 843 1608 898 illa
1619 847 1728 918 valeat,
1745 849 1854 922 igneran-

1057 920 1119 981 tes,
1137 912 1181 968 rel
1192 912 1222 965 in
1233 911 1400 992 turpissimis
1419 925 1517 970 nostrae
1525 920 1613 974 estatis
1623 919 1741 992 fretibus,
1752 928 1853 998 quamvis

1056 1005 1115 1042 rem
1134 988 1221 1062 ipsam
1244 997 1430 1062 spernentes,
1453 999 1548 1048 tamen
1580 1000 1712 1054 sermonis
1733 1004 1852 1058 seientiam

1056 1074 1084 1118 et
1104 1063 1211 1137 ingenii
1232 1063 1398 1118 industriam
1417 1067 1563 1141 praedicare
1576 1089 1629 1127 non
1648 1073 1851 1150 dubitentrqnasi

1054 1139 1162 1194 scilieet
1181 1148 1238 1192 tarn
1260 1138 1330 1194 sceda
1350 1153 1543 1215 componentes
1561 1166 1615 1202 non
1631 1167 1679 1206 sus
1698 1151 1773 1224 eulpa
1789 1171 1850 1208 emee

1054 1213 1152 1288 digni,
1177 1214 1245 1280 scd,
1265 1223 1400 1288 quatenns
1424 1218 1519 1291 lingua
1540 1233 1625 1296 poetae
1651 1225 1783 1280 neolatina
1800 1247 1851 1281 cen·

1053 1291 1185 1345 concedat
1199 1331 1206 1359 ,
1229 1289 1294 1344 boui
1318 1299 1528 1368 praestantesque
1541 1298 1598 1352 siut
1607 1299 1759 1374 judicandi.
1771 1303 1814 1357 Sed
1825 1304 1850 1358 de

1050 1363 1094 1422 lais
1114 1365 1195 1442 plura
1217 1365 1327 1420 dicendi
1346 1365 1461 1424 hicnon
1476 1372 1615 1432 estlocus.

230 699 270 751 Aa
289 720 353 774 pag.
374 713 400 762 7.
424 709 524 788 seriem
548 723 576 772 Β.
598 717 629 770 ln
650 717 764 774 distielru
784 744 872 776 ‹rur-en
891 734 944 780 etc.
965 729 1025 782 aol-

193 779 291 862 teretes·
305 778 395 834 reddit
414 789 539 842 tenzend
552 813 562 843 :
575 791 598 844 si
610 794 756 868 antiquum
778 817 886 870 prorsus
907 800 966 865 ris,
987 805 1022 858 ud

192 847 293 902 Catulli
305 860 432 924 currite,
443 859 516 934 fusi,
527 881 673 923 eumentes
694 890 742 944 pro
762 875 898 930 saltantes
910 876 1020 939 dixeris.

191 923 416 1010 lnnpentnrnetro
444 935 581 994 reddendo
603 943 723 999 multum
755 947 931 1019 sudavimus,
953 946 1020 1028 quin

190 997 290 1089 melina
303 1003 489 1081 efficeremus,
509 1032 592 1088 quam
600 1037 657 1090 per
676 1023 757 1076 telam
767 1027 867 1080 eradius
886 1032 963 1100 itque
973 1053 1021 1088 re-

189 1074 454 1164 ditquestrepens,
484 1089 556 1163 quod
579 1101 693 1164 tamen,
723 1110 835 1173 propter
854 1104 1019 1176 positionem

188 1145 286 1206 duram
308 1174 338 1210 in
352 1162 481 1236 reditque
490 1175 637 1242 streperas,
658 1173 780 1230 retinere
799 1177 948 1239 noluimus.

223 1302 291 1357 Cum
310 1305 370 1362 loeo
389 1323 420 1365 at
442 1317 560 1386 sepiens
584 1325 639 1394 ete,
667 1325 795 1400 congruit
817 1329 965 1403 Voltairii,
984 1333 1015 1390 in

183 1377 321 1438 Idem-iad.
334 1395 418 1442 cantu
429 1395 455 1446 7.
467 1431 476 1460 ,

1089 1501 1188 1554 Vocem
1208 1501 1322 1556 timos
1337 1500 1423 1558 fuerit
1437 1544 1447 1572 ,
1463 1505 1511 1578 qui
1528 1546 1536 1573 ,
1563 1516 1597 1562 ut
1614 1507 1691 1566 bonae
1711 1507 1846 1584 artatispce·

1047 1574 1085 1628 tis
1107 1576 1292 1645 inusitatum,
1310 1577 1512 1654 reprehendar,
1530 1581 1588 1656 ipse
1608 1583 1638 1638 in
1660 1589 1848 1660 epigrammate,

1047 1649 1098 1704 sub
1119 1653 1240 1725 Auguste
1260 1652 1353 1720 facto,
1373 1655 1444 1728 apud
1459 1657 1641 1729 Suetonium,
1663 1663 1732 1736 Aeg.
1757 1669 1800 1726 70,
1814 1679 1848 1714 re·

1044 1725 1114 1800 peri.
1136 1727 1164 1780 si
1185 1735 1279 1784 tamen
1295 1727 1367 1784 ferro
1386 1749 1505 1804 nequeas
1517 1733 1620 1806 ,leges
1640 1739 1731 1808 regale
1748 1735 1848 1807 (eino-

1043 1809 1103 1856 tam
1122 1803 1156 1856 ad
1176 1823 1241 1878 pag.
1262 1811 1290 1858 4.
1312 1823 1364 1860 ser.
1388 1816 1413 1866 t.
1442 1825 1535 1863 rocem
1565 1813 1707 1886 victrici.)
1735 1821 1847 1887 spectrum

1042 1875 1088 1932 les
1107 1878 1190 1934 cubat
1210 1879 1244 1934 ad
1268 1880 1378 1940 solium.

184 1521 269 1590 Quels
289 1527 366 1603 sager
378 1573 387 1601 ,
397 1537 557 1597 rassembles
571 1539 638 1600 dans
650 1564 693 1602 ces
703 1557 831 1621 augustea
841 1550 936 1624 lieux,

183 1597 327 1692 blesurent
339 1607 489 1683 l'unirers,
510 1627 538 1671 et
556 1618 641 1675 lisent
653 1621 719 1676 dans
739 1625 779 1678 les
798 1627 895 1697 cicux,

182 1673 217 1726 bt
227 1717 235 1742 ,
248 1677 315 1734 dans
324 1681 351 1736 la
363 1685 425 1740 nuit
437 1688 549 1748 obscure
560 1736 567 1764 ,
578 1707 724 1771 apportent
735 1700 762 1754 la
780 1699 914 1774 lumibre,

181 1751 304 1844 Spndent
316 1757 356 1812 les
365 1761 544 1836 prolendeurs
554 1770 588 1826 de
602 1771 629 1827 la
649 1783 746 1840 nature
766 1779 893 1848 rutilare?

180 1827 201 1878 1.
212 1837 306 1884 'errenr
325 1839 546 1914 presumptueuse
556 1847 572 1898 ri
583 1847 645 1903 leur
656 1861 748 1924 aspect
760 1851 873 1908 s'enluit
883 1896 892 1926 ,

184 1902 218 2018 lit
236 1923 296 1962 vers
309 1907 336 1964 la
348 1915 434 1968 rente
453 1915 480 1972 le
500 1919 582 1977 doute
602 1923 642 1979 les
661 1927 784 1990 canduit.
1081 1987 1121 2039 A„
1140 2005 1203 2061 pag.
1217 1995 1245 2042 8·
1256 1987 1353 2042 segem
1367 1996 1392 2051 1.
1402 1992 1433 2044 ln
1455 2004 1663 2067 „mmmm
1670 1999 1771 2068 premit
1778 1995 1847 2069 saure

218 2051 359 2128 Insignem
378 2058 470 2118 locum
492 2067 610 2124 Florem
628 2073 744 2128 lgm„
769 2083 821 2133 ηρ.
842 2077 1007 2150 peuepgegn'
1043 2065 1167 2118 minume
1184 2065 1306 2138 gradum
1333 2065 1471 2120 mecerin
1494 2067 1677 2126 hemistichiis
1691 2072 1784 2145 parites
1801 2075 1845 2128 illis

179 2133 383 2197 queminnota
401 2140 526 2216 Proxime
545 2157 676 2222 sequente
695 2151 822 2226 Pluribus
844 2152 988 2212 laudamus
1044 2137 1166 2192 addenda
1188 2149 1248 2207 est,
1269 2158 1329 2212 quas
1349 2141 1459 2197 metrici
1486 2145 1702 2217 reprehendunt.
1721 2149 1788 2219 Ege,
1808 2151 1845 2223 qui

177 2201 218 2256 sie
238 2210 401 2287 expressit,-
558 2199 566 2213 ⁸
999 2197 1007 2230 ’
1043 2213 1207 2288 inpreximc
1229 2215 1345 2270 disticho
1355 2229 1606 2290 recurrentemnen
1619 2220 1701 2277 facile
1711 2224 1845 2290 tolerarem,

885 2333 888 2340 .
1044 2287 1089 2342 bic
1101 2299 1194 2344 tamen
1210 2332 1217 2358 ,
1236 2300 1269 2346 ut
1284 2311 1430 2346 numerum
1446 2295 1485 2348 rei
1505 2295 1684 2368 imitantem,
1702 2298 1844 2356 laudandam

177 2355 253 2411 Tune
262 2356 351 2418 suenni
362 2363 505 2439 ingenium
524 2369 629 2426 divina,
645 2374 766 2446 parturit
785 2386 877 2448 arm,
1043 2367 1133 2438 gratius
1147 2365 1274 2422 dicerem.
1287 2371 1322 2423 Ut
1333 2367 1431 2422 melius
1442 2369 1498 2444 ipsc
1505 2371 1634 2443 judices,
1653 2373 1742 2428 confer
1753 2393 1844 2447 germa-

212 2433 335 2491 Iebertas
347 2438 451 2498 hilares
469 2445 567 2500 educat
585 2457 668 2522 atque
688 2451 764 2508 colit.

173 2505 293 2564 Dextera
313 2517 425 2592 Lysippi
435 2531 557 2576 mentem
568 2522 667 2595 juvat,
683 2527 783 2580 mula
805 2527 883 2599 ΠΜ,
1040 2515 1125 2589 Klusr
1144 2518 1239 2572 lrirrter
1251 2522 1306 2572 mir
1324 2537 1375 2573 aar
1393 2523 1448 2574 mir
1459 2523 1514 2576 den
1523 2524 1641 2584 Sclrritt.
1661 2529 1798 2594 Caeterum,
1813 2527 1841 2581 ab

171 2588 176 2605 ¹
213 2586 275 2638 Jam
295 2592 382 2662 spirat
393 2594 522 2670 scalpro.
540 2599 857 2678 proloquiturquelapis.
1092 2667 1097 2677 ,
1579 2675 1585 2685 ,
1761 2677 1766 2688 .

174 2657 272 2715 Fulcra
284 2661 377 2722 lerant
398 2670 494 2740 caelus,
514 2687 671 2748 quosornnt
688 2680 794 2732 lonicus
811 2681 896 2749 ordog
1040 2665 1131 2738 ll¹¹l¹⁵r
1150 2687 1222 2723 ΜΝ
1241 2679 1333 2724 lamen
1351 2669 1463 2724 ⁰bS⁰¹1l⁰
1483 2691 1527 2726 ¹¹¹²
1539 2675 1653 2747 qffldem
1672 2675 1836 2750 ⁰ff²¹¹tl¹¹2q¹¹³

212 2737 333 2796 Pantheo
345 2743 375 2796 jn
387 2745 503 2802 abaco
514 2757 589 2804 totu,
608 2753 741 2828 olympus
751 2753 839 2816 adest·
1037 2743 1144 2798 ratione
1157 2745 1212 2799 sire
1225 2764 1287 2800 cum
1307 2746 1539 2819 praecedentibus,
1552 2750 1608 2804 sire
1628 2770 1690 2806 cum
1699 2762 1753 2808 toto
1765 2753 1837 2806 eoba·

173 2808 268 2866 lrisut
285 2819 358 2872 aeria
369 2831 419 2888 ,ut
431 2824 521 2879 nervis
539 2827 635 2881 emissa
655 2831 776 2901 sagitta,
1036 2829 1115 2886 reat,
1135 2819 1326 2890 dubitantem,
1345 2841 1432 2896 ΜΨ
1453 2841 1536 2892 ”0²⁰2
1553 2844 1614 2898 11¹²ae
1642 2827 1699 2902 ilie
1719 2847 1769 2882 ¹¹⁰⁰
1782 2829 1834 2882 ⁵³5⁸

211 2887 338 2947 Flumina
359 2898 722 2978 ,jcamustrgnsiggampgg
742 2903 820 2964 legs·
1035 2896 1247 2968 perspicerem,
1285 2896 1378 2950 eadem
1410 2898 1473 2952 aliis
1499 2899 1615 2956 clariora
1637 2945 1646 2970 ,
1671 2924 1748 2978 quam
1765 2903 1836 2958 milri·

171 2959 210 3012 Aa
224 2967 330 3038 sapiens
343 2974 435 3028 tacitis
448 2978 549 3032 muscis
569 2991 660 3035 exarat
676 2980 773 3050 orbes,

199 3039 244 3123 ,m
264 3061 355 3102 rerum
374 3065 570 3110 eausasmente
591 3075 686 3130 sagace
698 3058 779 3130 petit.

173 3110 249 3170 Vires
263 3125 405 3194 materiae,
419 3130 522 3185 socium
534 3133 671 3205 magnetis
688 3143 716 3186 et
728 3133 833 3186 bostem

209 3192 356 3270 Perspicit,
381 3221 411 3257 es
428 3207 677 3263 normamluminis
696 3218 778 3282 atque
796 3206 865 3262 soni.

171 3265 266 3324 Terras
282 3285 387 3334 nature
395 3280 488 3354 leges,
508 3293 636 3358 portenta
656 3283 809 3346 refellerem
850 3285 853 3289 ’

208 3344 344 3424 Detegit,
363 3375 395 3411 ac
413 3357 508 3414 dubias
528 3359 704 3416 constabilire
732 3357 833 3416 studet.

1037 3047 1132 3120 saepius
1143 3045 1287 3121 interpreti
1300 3046 1367 3102 milri
1389 3049 1423 3104 nd
1442 3051 1528 3104 talem
1538 3057 1737 3110 excusationem
1755 3054 1834 3110 coelu-

1037 3121 1183 3194 giendum,
1196 3141 1228 3177 eo
1248 3123 1335 3198 magis
1346 3165 1355 3192 ,
1367 3143 1425 3199 qum
1437 3124 1465 3178 in
1486 3129 1601 3200 epistola
1613 3171 1625 3199 ,
1637 3131 1736 3186 Gmthei
1754 3131 1834 3203 elegiis

1036 3270 1178 3343 lisere-nte,
1203 3274 1278 3340 dixi,
1299 3273 1344 3330 bic
1364 3275 1483 3349 adjicere
1505 3277 1594 3352 jurat.
1618 3285 1660 3337 De
1690 3281 1842 3338 obscuritate.

1035 3349 1142 3404 scilicet
1153 3349 1222 3424 acqui
1245 3359 1272 3404 et
1294 3351 1441 3425 prudentes
1461 3355 1574 3428 rogandi
1588 3375 1643 3411 non
1666 3367 1727 3414 sunt
1739 3400 1747 3426 ,
1759 3377 1835 3412 nere·

1035 3423 1091 3479 lint
1102 3425 1278 3502 archetypum
1291 3427 1391 3502 ubique
1401 3427 1594 3502 perspicuitate
1605 3435 1735 3507 superari.
1744 3435 1833 3488 Etenim

208 3498 245 3552 Ex
264 3498 307 3555 liis
319 3502 596 3564 nltimnmdistiehnn
608 3507 667 3563 fere
685 3508 779 3564 eodem
799 3525 913 3562 numere
925 3498 997 3579 ,'qno
1035 3501 1182 3575 pulchrum
1201 3501 1332 3576 quidem,
1352 3505 1374 3556 si
1394 3504 1463 3582 benp
1482 3515 1589 3561 vertens
1613 3510 1696 3564 simul
1714 3511 1834 3582 interpre-

99 3595 100 3608 .
168 3583 265 3631 caetera
284 3576 439 3638 babendum
462 3583 553 3642 :buic
583 3585 671 3659 igitur
691 3584 876 3656 germanicum
889 3624 898 3650 „
915 3583 997 3636 surlet
1030 3577 1354 3651 tantisvieemimpleasg
1376 3588 1465 3634 atnee
1480 3583 1588 3656 proprie
1600 3582 1842 3649 licererteutisest,·

169 3649 220 3704 dus
239 3669 383 3720 eertrnute
413 3663 565 3720 deserni„
596 3665 646 3718 des
675 3661 789 3734 Zusrrlls
815 3660 996 3734 greuserrdere
1031 3661 1060 3706 et
1079 3653 1240 3728 quaudoque
1259 3653 1320 3708 lieri
1339 3654 1445 3728 nequit.
1456 3659 1529 3726 Quin
1542 3660 1771 3733 reprehendendus
1781 3656 1833 3726 crit,

170 3723 324 3798 Wundem,
344 3737 442 3790 suebos
454 3740 509 3794 den
529 3739 676 3794 rabendosa
690 3737 741 3791 Pol
760 3743 792 3794 ia
802 3739 853 3791 der
863 3735 996 3788 Ersclrei-
1032 3729 1094 3802 qui,
1106 3729 1153 3783 ubi
1174 3729 1217 3783 vel
1238 3747 1293 3782 nen
1312 3730 1467 3804 intelligit,
1488 3733 1552 3802 rel,
1569 3755 1605 3790 an
1628 3737 1713 3810 ipsam
1732 3737 1832 3790 auctoris

167 3819 283 3878 ”engen
301 3810 404 3868 stacte
416 3853 428 3878 ,
447 3832 618 3889 comparans,
637 3813 720 3881 aide,
739 3823 802 3867 uter
820 3822 995 3876 nostrum,a
1031 3814 1152 3858 mentem
1171 3814 1309 3872 assecutus
1331 3807 1393 3875 sit,
1422 3807 1552 3876 dubitat,
1577 3813 1744 3886 perspicuam
1764 3811 1832 3896 plene

168 3883 305 3936 sententia
318 3886 460 3962 verbisque
481 3871 593 3964 fongia,
613 3889 707 3944 abien,
722 3888 771 3951 ⁸ig
791 3885 995 3959 ,imulegerit‚
1030 3882 1195 3934 sententiam
1215 3880 1315 3938 reddit.
1338 3885 1369 3935 ln
1392 3884 1558 3939 carminibus
1586 3906 1650 3941 vero
1669 3907 1683 3941 a
1702 3907 1742 3942 me
1759 3888 1831 3941 latine

168 3963 202 4009 ut
213 3967 299 4031 peetm
310 3980 392 4036 quam
412 3965 561 4022 minimum
581 3973 743 4042 superesset.
1030 3957 1114 4010 versis
1126 3957 1205 4032 plura
1218 3968 1383 4024 occurrunt,
1393 3977 1451 4032 quae
1460 3979 1540 4014 nemo
1552 4003 1559 4028 ,
1572 3961 1687 4035 opinor,
1701 3972 1833 4046 quantum-

1029 4031 1099 4086 libet
1111 4031 1330 4106 sagaeisingenii
1350 4043 1379 4086 et
1390 4036 1491 4107 linguae
1509 4038 1613 4113 peritus
1625 4081 1633 4106 ,
1654 4038 1730 4113 plane
1741 4037 1832 4092 iutelli-

1042 2441 1133 2494 nicum
1153 2435 1331 2516 ebsclra‘issige
1351 2445 1465 2499 Grs'a'arde
1484 2447 1608 2502 lenimen
1628 2454 1679 2504 erait
1695 2451 1845 2524 goelrraeeder
1904 2475 1905 2488 ¹

1039 2587 1090 2645 lice
1110 2591 1227 2647 disticho
1246 2593 1382 2668 incipiens
1403 2615 1466 2670 pars
1497 2596 1614 2671 elegire,
1643 2601 1732 2656 divina
1750 2602 1839 2654 insin·
1904 2603 1905 2630 ³

946 3003 952 3018 .
1036 2981 1094 3024 anet
1115 2970 1158 3024 bic
1189 2971 1389 3048 erclietgpum,
1408 2974 1534 3029 exhibere
1559 2979 1726 3052 potuissem
1745 2998 1834 3052 quoque
1903 2993 1904 2998 ’

1036 3217 1052 3250 a
1073 3217 1116 3251 me
1136 3197 1222 3252 latine
1233 3219 1288 3254 una
1306 3219 1370 3254 cum
1388 3199 1515 3256 Schilleri
1530 3203 1671 3276 Cmnpnnu
1689 3205 1833 3273 editis,ad-
1902 3265 1903 3274 ,

206 4107 996 4180 lnmums'eete.esmeialatinnmncnesseseio,sed,nt
1032 4119 1099 4180 gut,
1120 4110 1174 4162 nisi
1187 4119 1326 4163 auctorem
1346 4107 1527 4185 interpretem
1542 4111 1757 4188 lrabeat,quem
1770 4131 1832 4165 mor·
1899 4131 1900 4199 g

167 4201 217 4237 rex
243 4193 415 4254 servaretur,
435 4188 515 4261 plura
537 4188 705 4256 suadebant,
724 4207 775 4242 nec
795 4186 912 4242 latinam
934 4187 993 4262 ejus
1030 4192 1110 4238 tuum
1127 4184 1320 4259 jamrerecaee
1341 4204 1395 4238 iren
1409 4186 1508 4254 datur;
1523 4188 1615 4242 virum
1627 4200 1717 4246 autem
1729 4191 1830 4274 interru-

166 4257 338 4333 peripbrasin
362 4282 453 4317 versus
471 4263 632 4340 recipiebat.
651 4263 679 4318 Si
693 4275 786 4318 tamen
807 4263 925 4318 latinum
945 4273 995 4318 ut·
1030 4279 1094 4331 gare
1112 4279 1252 4335 operosum
1270 4257 1364 4327 leret,
1383 4271 1411 4314 et
1423 4263 1583 4337 quandoque
1599 4265 1832 4340 ptrumttpedffssl·

166 4353 273 4408 cunque
286 4335 413 4414 flagita-3,
432 4339 532 4394 melius
549 4359 604 4394 nou
622 4339 817 4413 babeo,quam
826 4353 893 4410 post
904 4359 994 4395 nenas
1030 4335 1322 4410 Quisenimigncrat,
1341 4340 1721 4413 sunuucsetiampcetasuon
1740 4355 1830 4412 semper
1898 4385 1899 4416 g

164 4425 281 4480 unctum
292 4411 469 4488 fanumst
482 4418 586 4472 seculo
605 4419 697 4472 duret.
721 4415 865 4471 Feuerlein
894 4433 941 4468 suo
965 4435 993 4470 se
1028 4413 1069 4466 ita
1081 4412 1156 4486 loqui
1172 4423 1223 4482 ,nt
1240 4429 1333 4474 sensus
1352 4413 1518 4500 ambiguitas
1535 4433 1589 4502 non
1613 4416 1777 4504 relinqeretur
1788 4456 1794 4480 ,
1807 4421 1829 4465 ct

165 4504 240 4540 more
267 4488 316 4542 illa
340 4489 504 4545 difficultate
530 4491 664 4548 facillime
692 4491 856 4565 expedivit,
886 4500 994 4548 sertem
1028 4487 1167 4542 interdum
1178 4488 1371 4562 adeoquadam
1383 4488 1556 4544 obscuritatis
1568 4511 1656 4565 speeie
1667 4493 1716 4578 sibi
1727 4490 1828 4578 plaeere?

163 4567 264 4619 eoeec'm
281 4566 332 4622 illa
350 4568 402 4622 diu
426 4587 483 4638 per
500 4569 605 4623 aoeculn
631 4571 748 4640 publice
768 4571 883 4638 pestis,
915 4588 993 4642 qnae,
1029 4565 1113 4638 atqui
1135 4562 1265 4618 vertentis
1286 4574 1345 4630 est,
1365 4566 1522 4620 eromuino
1545 4575 1573 4620 et
1592 4567 1643 4621 bae
1664 4576 1742 4621 etiam
1761 4584 1788 4619 rn
1805 4579 1828 4616 re

164 4639 260 4710 rides,
282 4660 365 4714 quam
392 4642 450 4711 ¹rint
472 4641 621 4720 archetype
641 4662 764 4698 sermone
785 4653 813 4696 et
833 4645 992 4714 sententia,
1028 4661 1109 4716 quam
1124 4640 1266 4694 simillima
1278 4639 1456 4716 archetypum
1469 4638 1829 4720 imagineexprimerepunde
1897 4657 1898 4682 ³

162 4713 289 4789 duamad
309 4719 422 4776 verbnm
442 4739 634 4793 expressimus,
646 4718 803 4774 simillima!
823 4719 899 4772 Idem
919 4723 992 4775 Feu-
1028 4714 1470 4792 palti,⁰h⁵⁰¹1l³l0ddfl¹¹l⁰¹ssrll
1489 4737 1543 4772 ¹¹⁰ss
1565 4718 1751 4785 laudandum»
1768 4723 1828 4770 certe

161 4793 250 4862 erleiu
271 4793 407 4850 distichon
428 4816 565 4852 rerumne
589 4804 643 4851 etc.
671 4795 763 4848 reddit
784 4796 869 4866 culpa
888 4795 992 4869 furem
1028 4811 1083 4846 non
1104 4809 1209 4866 sernper
1228 4791 1393 4865 culpandum
1412 4811 1478 4850 esse.
1499 4797 1525 4848 ls
1544 4793 1652 4850 demum
1675 4791 1828 4854 laudandas,

161 4882 189 4923 et
203 4874 286 4941 iemps
307 4876 434 4942 exposcit
453 4875 486 4926 ab
504 4877 575 4928 serbe
593 4885 714 4926 cremate
732 4876 871 4944 errrg'orum
890 4892 991 4942 errores,
1029 4869 1074 4942 qui
1087 4867 1152 4934 ,ubi
1173 4865 1249 4920 nulla
1261 4885 1354 4921 sensus
1374 4868 1558 4941 ambiguitas,
1577 4871 1687 4925 obscure
1704 4870 1770 4922 dicta
1781 4867 1828 4919 cla·
1896 4911 1897 4920 ,

161 4951 212 5016 qni
229 4953 343 5018 periere
364 4951 424 5006 diu.
447 4949 495 5002 Cui
516 4949 583 5004 satis
601 4946 688 5002 suerit
711 4948 838 5000 Selrilleri
865 4960 990 5021 poemata
1029 4947 1105 5012 rius,
1129 4945 1152 4998 is
1174 4942 1344 5016 culpandus,
1372 4945 1418 5017 qui
1440 4945 1512 4999 clara
1537 4947 1647 5002 obscure
1668 4950 1827 5021 expresserim

145 5025 199 5075 -sie
220 5024 472 5097 lyricismodis,ut
488 5024 656 5080 Feucrleinii
682 5024 770 5076 serbis
791 5033 991 5096 utamur,ap-
1029 5019 1274 5094 ‹prorumalterurn
1296 5021 1414 5072 sciense
1438 5021 1826 5091 conatumellirere5alter11ffl
1895 5099 1896 5114 i

161 5098 992 5174 ter·e‚lruncpreseetun0umiraberis,niliil,erecptaseripu-
1029 5114 1111 5172 quam
1122 5094 1240 5150 studiose
1252 5095 1395 5150 vitaverim
1406 5137 1414 5168 ,
1427 5098 1499 5150 dur-ti
1510 5099 1645 5176 judicent.
