3868 5712
1013 341 1075 421 rrt'

209 447 352 514 {retrahar
372 447 430 514 ita,
445 449 567 504 utnulla
583 449 640 506 lare
650 452 738 508 dirim
749 453 825 510 illius
839 467 922 530 peste
932 463 1027 534 magis,

205 522 343 580 delecter:
356 522 436 596 cujus
449 525 483 580 ed
496 528 683 598 praestantiam
703 529 726 582 si
747 549 801 584 non
813 573 820 593 ,
832 541 863 586 ut
875 533 904 588 iu
920 539 1032 609 optimis

204 599 357 673 quibusque
378 600 468 668 solet,
490 601 641 674 plurimum
657 602 744 658 forma
757 607 916 676 conferret,
938 613 1031 670 minus

202 693 247 729 me
270 675 459 730 translationis
480 697 543 734 mese
563 680 716 751 paeniteret.
738 682 790 736 Sed
809 684 887 738 illam
911 693 1030 746 servanti

202 769 288 824 quum
307 751 407 805 laboris
441 751 588 808 difficultas
618 755 662 808 vix
688 755 774 813 ullam
798 777 936 814 successus
953 784 1030 837 spem

201 825 382 894 concederet-3
399 826 520 882 versibus
539 829 753 886 lromoeoteleutis
764 841 821 888 tam
841 835 955 908 longum
966 849 1030 896 ten-

200 889 307 958 t‘aread
328 901 413 956 finem
425 902 512 959 nolui.
534 907 678 960 Fenerlein
700 917 836 980 quantum
857 910 902 964 hic
923 918 1030 984 praesti-

202 978 291 1047 terit,
307 978 423 1052 eprima
446 978 505 1050 ejus
525 981 635 1056 strophe
649 983 814 1056 conjecerim
830 1005 884 1060 qua
899 987 948 1043 ille
970 991 1028 1046 ini-

200 1053 273 1110 tium
294 1055 423 1110 carminis
445 1055 533 1110 nostri
568 1057 603 1112 ad
630 1076 724 1112 rocem
741 1079 825 1130 puras
847 1063 885 1117 sic
905 1064 1028 1123 cecinit:

198 1210 260 1263 En!
282 1207 378 1268 sinum
399 1209 520 1276 rutilat,
542 1211 640 1265 lumen
659 1219 686 1266 et
698 1210 840 1286 hospitum

201 1283 307 1352 Ardet,
328 1303 434 1338 summa
448 1285 527 1340 bonis
545 1286 680 1357 adjiciens
700 1288 779 1342 venit

197 1359 288 1427 detes.
309 1361 376 1414 Nam
396 1361 501 1428 tacita,
521 1360 613 1432 Pieri,
633 1371 682 1433 te,
703 1362 766 1418 deos

273 1434 364 1490 'l'aedet
384 1437 504 1492 nectaris
524 1437 609 1512 ipses.

236 1594 277 1646 En
298 1587 426 1645 Schilleri
440 1589 573 1665 stropben
587 1610 594 1642 r

197 1739 280 1818 prl
294 1739 385 1814 perlat
400 1739 444 1794 lm
464 1739 542 1796 Glase
565 1738 613 1793 der
635 1757 775 1814 pnrpurne
795 1741 896 1812 Weiu,

236 1817 319 1872 Wuhl
343 1815 463 1890 glaenzcn
476 1815 520 1870 die
542 1819 639 1888 Augen
660 1817 708 1870 der
726 1819 833 1884 teste,

198 1895 232 1950 Es
248 1895 320 1965 eeigt
341 1891 399 1946 sisb
419 1890 466 1944 der
487 1895 616 1963 Saenger,
639 1911 668 1944 er
688 1893 753 1945 tritt
769 1890 888 1960 herein,

236 1971 275 2024 Zu
288 1967 350 2024 dein
370 1970 459 2020 (luten
478 1967 573 2040 bringt
596 1985 626 2020 er
642 1967 690 2020 (lars
713 1971 814 2034 Beate,

115 2067 121 2087 ι
199 2049 282 2102 Dum
302 2043 373 2098 ohne
388 2032 439 2095 'die
461 2041 537 2096 Leier
551 2046 587 2096 im
607 2041 801 2096 bimmlisclren
821 2040 883 2096 Saal

238 2123 277 2176 lst
290 2120 333 2174 die
344 2108 450 2180 Frende
466 2117 575 2191 gemein
593 2117 664 2172 auch
683 2118 757 2174 heim
777 2113 963 2174 Nectarmahl.

216 2271 286 2326 ¹liis
306 2268 375 2324 adde
406 2277 502 2322 tamen
526 2266 622 2324 locum
657 2267 886 2342 strophaenostrae
907 2281 984 2326 uenat
1003 2273 1034 2320 et

202 2331 314 2402 decimae
331 2345 370 2400 sic
391 2365 407 2398 a
431 2342 605 2398 Fenerleinio
626 2345 787 2398 redditum:

203 2500 305 2562 lusto,
321 2506 400 2570 patre
419 2491 509 2558 toris,
533 2511 617 2566 rege,
633 2493 690 2547 dies
714 2492 789 2547 diem

204 2575 306 2646 AEquat
322 2587 443 2644 quaeque.
465 2567 566 2621 Ovium
580 2567 708 2642 pacificos
728 2569 810 2624 duces

203 2647 298 2705 Tellus
320 2643 456 2701 exhilarat
476 2653 572 2717 sponte
584 2663 631 2698 sua
646 2645 726 2712 cibo,

210 2776 217 2789 ,
277 2725 390 2778 Faustus
408 2728 520 2774 tantum
542 2738 618 2774 artior
640 2729 763 2797 occupat.

214 2843 219 2872 ι
246 2875 287 2929 Aa
302 2889 366 2946 pag.
388 2876 433 2926 ct.
454 2869 552 2924 seriem
573 2865 599 2924 2.
623 2864 749 2922 Sebilleri
762 2868 812 2921 dns
832 2867 970 2927 Moedelrees
980 2887 1036 2923 coes

209 2951 328 3006 Orleuua
340 2955 428 2998 metro
439 2943 577 3000 horatiani
589 2944 719 2998 carminis
730 2943 846 3004 nudem,
862 2943 942 3014 Vere,
956 2965 1037 3001 sacra

208 3030 265 3082 cite
280 3032 332 3080 etc.
347 3019 526 3088 reddidimus,
549 3019 621 3092 quod
640 3019 778 3074 Venusino
801 3019 843 3072 rel
864 3037 961 3090 parum
974 3019 1036 3094 pla.

210 3103 317 3166 cuisse,
334 3096 379 3151 rel
408 3097 499 3169 potius
523 3093 748 3162 difficillimum,
775 3102 807 3148 ut
836 3092 902 3146 mibi
919 3136 926 3161 ,
946 3098 1036 3150 visum

212 3195 269 3231 esse
291 3171 448 3239 crederem,
469 3171 503 3225 cb
517 3188 631 3243 caraque
650 3190 709 3224 rem
728 3189 783 3222 non
805 3168 858 3222 nisi
881 3177 922 3222 ter
936 3172 1036 3238 abeo,
1079 3217 1082 3227 .

208 3260 241 3308 *et
260 3248 387 3306 brevibus
407 3247 437 3300 in
464 3245 522 3300 odis
546 3255 696 3312 tentatum.
725 3244 893 3311 Fenerlein,
913 3247 1037 3322 strophas

210 3325 353 3400 archetypi
378 3340 444 3398 saepe
464 3321 553 3390 multe
574 3319 745 3394 bresiopibns
767 3319 911 3374 includens
926 3324 1036 3410 ,sicque

206 3387 242 3461 in
262 3399 382 3458 versibus
403 3407 487 3472 poetes
507 3415 567 3450 raro
590 3406 638 3448 aut
659 3414 795 3468 nusquam
809 3435 817 3461 ,
833 3393 1037 3470 quodrechere

213 3479 314 3535 audeas
327 3518 335 3545 ‚
354 3473 501 3540 habentis,
522 3472 673 3525 necessarie
684 3471 726 3526 vel
737 3470 869 3544 abruptus
882 3470 1038 3560 liiulcusre,

213 3556 258 3612 vel
279 3551 391 3608 omnino
405 3567 518 3604 maneus
534 3557 562 3600 et
583 3547 699 3620 jejunus
717 3587 725 3612 ,
744 3544 791 3600 hic
803 3565 910 3619 quoquc
923 3569 937 3604 a
948 3549 1038 3604 Scbrl.

206 3605 272 3688 'lero
285 3629 352 3684 adeo
365 3627 522 3701 discrepat,
545 3631 576 3676 ut
595 3623 626 3676 in
643 3621 732 3676 verbis
752 3621 911 3694 interpretis
931 3625 975 3678 vix
1000 3625 1040 3679 il-

1074 469 1103 524 in
1125 471 1195 542 boe,
1216 495 1247 531 ea
1268 477 1297 532 ln
1321 482 1493 548 deeerleloio
1511 489 1544 550 lu,
1561 492 1715 548 melioribus
1728 519 1866 566 nonaum,

1112 549 1260 619 Ceterum,
1281 557 1348 630 qui,
1369 569 1400 613 nt
1413 563 1496 618 istum
1515 565 1557 620 luc
1577 569 1671 624 l'euisse
1687 575 1772 644 rides,
1788 595 1867 650 viarlar,

1072 624 1200 696 equidem
1225 648 1293 698 nec,
1316 631 1364 687 cur
1388 637 1569 714 interpretem
1591 645 1614 698 is
1643 665 1671 700 se
1689 649 1828 724 adpellari,
1844 671 1866 712 et

1071 699 1185 769 minus,
1205 722 1253 758 cnr
1278 707 1426 786 archetypo
1447 715 1646 774 dissimillimus
1666 742 1719 778 esse
1742 731 1816 795 velit,
1833 733 1867 785 in·

1070 773 1189 848 telliqo;
1210 779 1264 835 nisi
1280 781 1329 837 boc
1340 788 1446 842 scilicet
1462 792 1530 847 mihi
1544 813 1707 866 persuasum
1718 801 1765 870 sit,
1776 816 1815 858 ant
1824 817 1865 872 nie,

1070 859 1119 903 aut
1132 856 1286 924 germanica
1299 859 1337 914 sic
1353 863 1513 922 reddentem
1524 910 1532 936 ,
1543 871 1585 924 vel
1606 879 1746 948 utramque
1757 879 1863 954 linguam,

1068 925 1113 978 vel
1134 930 1251 985 alteram
1269 945 1358 1004 certe,
1380 941 1447 1012 quid
1467 944 1535 998 velit
1556 956 1604 1000 aut
1626 951 1728 1020 pessit,
1754 955 1863 1026 ignorare.

1070 999 1197 1071 Etenim,
1217 1026 1252 1062 ne
1264 1027 1279 1061 a
1293 1015 1429 1086 proposito
1446 1021 1569 1094 exemplo
1590 1021 1735 1094 abeamus,
1753 1049 1795 1102 ego
1812 1053 1861 1086 sane

1070 1076 1101 1131 in
1120 1079 1247 1136 Sebilleri
1273 1087 1360 1143 verbis
1382 1091 1452 1146 nihil
1466 1099 1592 1169 reperio,
1612 1101 1684 1170 quod
1704 1104 1862 1181 sinceraopti-

1071 1171 1170 1226 meque
1190 1157 1352 1232 latinitate,
1379 1168 1447 1240 quin
1467 1171 1501 1224 ad
1517 1171 1716 1230 dissimillimas
1734 1180 1859 1238 locutiones

1072 1245 1223 1291 recurras.
1253 1239 1321 1292 verti
1353 1255 1497 1316 nequeat,
1535 1249 1591 1302 imo
1623 1291 1632 1319 ,
1662 1261 1722 1321 ut,
1758 1267 1860 1328 quantun

1071 1306 1182 1373 sentio,
1203 1308 1291 1366 dicam
1306 1315 1416 1385 ,nihil‚
1436 1321 1509 1392 quod
1521 1341 1576 1377 non
1595 1343 1611 1380 a
1633 1336 1752 1384 veterum
1776 1334 1860 1408 scriptu-

1071 1397 1134 1434 rum
1154 1402 1208 1437 uno
1219 1383 1375 1458 pluribusve
1388 1399 1603 1466 congruentibus
1616 1400 1673 1456 fere
1688 1405 1771 1458 verbis
1782 1427 1855 1480 expres·

1072 1472 1133 1509 sum
1152 1456 1308 1520 habeamus.
1322 1469 1399 1534 Quod
1410 1479 1501 1524 autem
1514 1471 1559 1528 bic
1579 1476 1609 1528 in
1624 1480 1853 1548 Fenerleinio,ilea

1071 1529 1101 1582 in
1112 1530 1174 1585 aliis
1186 1537 1383 1612 interpretibus
1393 1547 1550 1602 'neolatinis
1564 1570 1688 1621 mecum,
1704 1557 1805 1630 opinor,
1821 1579 1854 1612 nec

1070 1603 1100 1658 io
1116 1608 1173 1662 ullo
1188 1611 1360 1688 impensius,
1381 1639 1463 1694 quam
1480 1623 1510 1676 in
1529 1625 1697 1702 Seyffertio,
1716 1633 1819 1688 mireris.

1108 1764 1185 1820 0den
1201 1767 1361 1845 inscriptam
1371 1777 1466 1832 nattes
1477 1793 1606 1838 metuunt
1626 1799 1676 1841 tua
1688 1789 1757 1842 dono
1767 1791 1861 1858 pralon

1069 1851 1171 1910 metro,
1191 1845 1259 1900 meis
1281 1859 1354 1904 certe
1369 1853 1495 1921 auribus,
1513 1859 1715 1929 jucundissimo
1735 1861 1860 1936 conposui:

1069 1934 1144 1989 quo,
1158 1920 1230 1991 quod
1242 1921 1307 1977 alibi
1322 1926 1380 1997 jam
1394 1929 1468 1997 dixi,
1484 1933 1535 1986 etsi
1547 1936 1674 1991 Horatius
1687 1939 1765 1992 semel
1778 1949 1861 1991 tantun

1069 2009 1155 2058 usus,
1175 2003 1268 2050 tamen
1287 2017 1343 2054 non
1362 2001 1445 2058 facile
1471 2007 1611 2064 crederem
1628 2013 1700 2068 illud
1724 2015 1748 2068 ei
1768 2023 1861 2067 netruu

1071 2064 1251 2142 displicuisse.

1112 2234 1152 2286 An
1171 2251 1233 2308 pag.
1257 2243 1302 2293 tt.
1330 2239 1428 2294 seriem
1456 2251 1483 2299 1.
1514 2247 1547 2298 ln
1559 2249 1665 2319 pudeo
1683 2263 1793 2315 aeremro,
1810 2245 1868 2300 utin

1073 2309 1195 2363 Carmine
1209 2317 1307 2367 atttt'ct't
1328 2321 1415 2383 meis,
1438 2338 1499 2392 pag.
1520 2329 1577 2389 27,
1597 2343 1662 2378 cum
1681 2325 1869 2379 Fischeroeertr-

1071 2384 1114 2447 vi,
1135 2403 1201 2456 quas
1223 2387 1272 2440 ille
1294 2388 1399 2444 duobus
1411 2393 1555 2462 distichis,
1575 2417 1626 2470 ego
1645 2402 1767 2474 sapphica
1784 2397 1868 2470 strophe

1070 2467 1199 2528 vertens,
1222 2481 1272 2516 nec
1302 2467 1478 2538 paucioribus
1501 2471 1580 2526 modo
1616 2475 1752 2551 archetypi
1778 2473 1867 2532 verbis,

1072 2533 1161 2589 sedne
1180 2537 1306 2611 pluribus
1321 2541 1433 2612 quidem
1453 2545 1566 2621 syllabis
1587 2568 1666 2620 nsus;
1686 2571 1791 2626 quorum
1813 2545 1867 2600 illul

1070 2607 1180 2678 facile,
1201 2612 1251 2668 boc
1277 2614 1473 2676 difficillimum
1495 2641 1552 2676 esse
1582 2625 1813 2682 animadvertimus
1834 2625 1867 2690 (t

1070 2697 1134 2761 pag.
1148 2695 1212 2757 1t7,
1224 2709 1274 2745 ser.
1285 2694 1324 2762 2.)
1346 2694 1473 2762 Fischer,
1493 2697 1578 2752 nullis
1590 2699 1692 2775 linguas
1701 2699 1819 2778 angustiis·
1828 2700 1867 2751 iru-

1073 2762 1196 2836 peditus,
1216 2768 1363 2822 secundam
1383 2771 1513 2846 strophen
1535 2776 1642 2829 vertite

1073 2903 1141 2956 Ecce
1161 2903 1210 2957 snb
1227 2905 1368 2962 arboribus
1383 2907 1431 2964 lux
1444 2912 1600 2986 vespertina
1624 2918 1728 2974 meanti

1082 3013 1085 3023 i
1112 2980 1143 3030 ln
1159 2979 1247 3033 nitido
1270 2983 1342 3037 rivas
1364 2985 1441 3040 l'onte
1463 2990 1567 3043 revelat
1587 3010 1684 3068 aquas.

1074 3055 1146 3108 Fons
1160 3056 1261 3110 imitat
1282 3077 1366 3129 eum,
1387 3061 1517 3117 recubare
1538 3079 1671 3142 peroptat
1688 3069 1716 3124 in
1736 3070 1839 3140 umbris,

1078 3151 1084 3158 ·
1111 3129 1216 3185 Judieis
1235 3143 1264 3185 at
1277 3136 1363 3210 poenis
1383 3137 1498 3194 territus
1520 3161 1608 3218 usque
1621 3143 1705 3218 fugit,

1078 3303 1082 3312 ·
1112 3277 1189 3334 Idem
1201 3281 1326 3355 quintam
1338 3283 1469 3360 stropben
1485 3287 1594 3344 reddita

1076 3462 1167 3530 Atque
1183 3469 1294 3514 vvetusta
1310 3472 1437 3536 strepunt
1462 3465 1552 3520 raucis
1568 3477 1745 3523 monumenta
1763 3460 1869 3522 susurris»

1114 3536 1169 3588 Vox
1190 3536 1286 3605 venit,
1305 3539 1401 3594 excitis
1415 3542 1541 3596 manibus
1551 3584 1562 3608 ,
1583 3543 1638 3598 ista
1656 3546 1731 3600 viro:

1077 3611 1155 3664 Harrd
1175 3611 1287 3686 impune
1312 3613 1378 3668 deus
1392 3615 1533 3670 deluditur
1547 3659 1555 3685 ,
1567 3637 1653 3694 ocyus
1672 3620 1749 3676 illum

213 3699 270 3766 lius
292 3703 443 3779 quidquam
460 3717 629 3774 agnosceres.
651 3701 690 3752 En
713 3697 765 3751 tibi
780 3697 1039 3776 primamstropheo
1115 3685 1224 3756 Flecte,
1241 3707 1292 3742 nec
1311 3707 1327 3743 a
1347 3689 1425 3746 nobis
1448 3692 1505 3747 otia
1525 3695 1601 3768 pacis
1617 3701 1685 3769 age!

205 3801 280 3858 ‚eum
297 3779 453 3854 archetypo.

206 3913 323 3988 ''snsesra
340 3913 473 4004 pulchro,
489 3926 581 3982 nescia
601 3923 722 3980 coalitum

219 4015 272 4066 Ars
291 4017 319 4060 te
331 4002 483 4073 cavillans,
510 4023 525 4056 o
546 4001 689 4072 bominum
712 3997 811 4052 deensi

185 4091 187 4095 ’
258 4085 384 4155 Turpat:
404 4096 450 4132 cor
463 4120 472 4146 ,
485 4097 588 4131 errores
604 4076 761 4148 repellens,
852 4143 858 4156 .

296 4155 397 4212 Reddit
417 4157 515 4230 inops,
536 4151 619 4207 fidem
642 4160 773 4222 atroxque
799 4141 882 4201 latre

201 4285 204 4292 ·
257 4323 314 4374 Das
334 4312 395 4369 cdle
415 4311 478 4366 Bild
496 4311 544 4366 der
563 4305 735 4364 blenscbheit
756 4325 789 4359 zu
807 4299 991 4370 rerhmhnen,

258 4400 300 4449 lm
322 4373 438 4446 tiel'sten
459 4387 559 4441 Staube
583 4385 683 4441 waelzte
705 4381 766 4436 dich
791 4379 838 4434 der
864 4381 960 4452 Spart,

1118 3837 1161 3891 En
1183 3839 1391 3912 germanicnmr
1449 3827 1452 3834 ¹

1068 3994 1143 4048 'llud
1165 3995 1208 4049 die
1229 3997 1306 4051 alten
1321 3999 1428 4054 Grasber
1448 4001 1598 4075 droebnen,

1121 4069 1357 4128 Geister-Stimme
1379 4074 1438 4130 ruit
1453 4076 1511 4131 ihm
1531 4099 1582 4134 eu:

1085 4149 1151 4200 nott
1171 4145 1228 4202 lest
1239 4151 1357 4203 nirnmer
1372 4151 1428 4206 sicb
1449 4153 1633 4222 rerboebnen,

1086 4223 1144 4283 llile
1166 4220 1223 4278 sort
1241 4224 1290 4278 ihn
1308 4245 1341 4279 au
1356 4227 1533 4299 rersoebuen,

1122 4301 1206 4354 Stoere
1229 4300 1307 4356 nicht
1327 4301 1396 4357 auch
1421 4323 1503 4359 unsre
1516 4303 1596 4360 nuh!

258 4471 347 4542 arieg,
363 4465 442 4534 fiibrt
456 4464 504 4517 der
527 4465 601 4516 Wita
611 4459 661 4514 aul
669 4457 800 4530 enigmit
816 4455 878 4508 dem
892 4453 1045 4523 Sehmnen,
1122 4457 1187 4526 Qua
1206 4455 1274 4510 meis
1294 4475 1453 4532 comparans
1464 4502 1471 4527 ,
1483 4469 1547 4514 uter
1570 4459 1693 4514 numeris
1703 4501 1711 4526 ,
1723 4450 1869 4512 serbiense-

257 4551 293 4604 B·
309 4543 404 4619 glairht
427 4539 506 4594 nieht
526 4559 560 4591 an
582 4539 633 4623 den
644 4537 730 4608 Engel
743 4531 863 4586 undden
884 4531 969 4597 Gott,

254 4631 326 4679 treus
348 4623 451 4672 llerzen
470 4615 571 4668 willer
583 4632 659 4666 seme
673 4611 788 4665 Sclraetae
804 4606 928 4668 reuben,

170 4727 172 4732 ·
258 4703 319 4754 Deu
341 4693 433 4750 Wulm
445 4691 574 4763 belrriegt
585 4708 615 4743 er
628 4687 692 4741 und
712 4685 829 4741 verletat
846 4681 899 4736 den
912 4667 1051 4738 Glauben(

695 4997 700 5006 ι

220 5011 336 5072 «terratia,
355 5003 427 5078 quod
447 5003 473 5055 ei
493 5019 547 5055 non
568 5017 629 5052 raro
645 4993 774 5050 accidisse
796 4990 934 5057 diximus,
952 4990 1044 5045 inter-

1081 4533 1199 4600 tentiis,
1219 4533 1246 4587 vi
1268 4540 1296 4586 et
1315 4533 1457 4590 celeritate
1470 4531 1618 4612 archetypo
1630 4535 1759 4601 similior,
1774 4517 1857 4602 judita·

1065 4727 1069 4744 .
1123 4647 1288 4759 luistropbe
1310 4699 1392 4743 noete
1415 4653 1450 4745 de
1472 4697 1526 4746 etet
1546 4707 1610 4744 rece
1637 4683 1770 4744 ammas,
1789 4655 1869 4770 wilti:
1900 4667 1901 4728 l

974 4791 980 4820 s
1063 4803 1067 4814 .
1087 4757 1255 4818 reddidimus
1271 4763 1473 4832 Wundemtub3
1490 4765 1526 4818 de
1541 4763 1666 4839 quotide
1685 4743 1859 4814 nasamaddffl
1900 4739 1901 4802 l

256 4863 321 4927 Qua
338 4871 399 4910 cnm
413 4848 544 4915 Fischeri,
553 4865 617 4922 pag.
626 4840 713 4899 rar-8
726 4840 828 4904 citatis,
840 4833 962 4894 uersibus
972 4854 1049 4894 com·

142 4956 146 4962 ·
174 4958 178 4982 s
217 4946 347 5012 parans,
372 4928 447 4988 vides
475 4926 594 4980 alterum
618 4921 774 4984 brevitate,
794 4915 914 4988 alterum
941 4912 1047 4970 redun-

1084 4839 1161 4918 phen
1173 4847 1200 4918 ἢ.
1217 4839 1348 4894 carminis
1358 4859 1451 4914 peuce
1463 4837 1550 4918 Ibyci.

1056 5051 1060 5060 ,
1121 4990 1161 5041 Ᾱθ
1181 5005 1244 5062 pag.
1265 4994 1311 5044 et.
1331 4967 1434 5043 'seriem'
1452 4998 1477 5047 1.
1497 4991 1562 5048 Voss
1580 5031 1588 5060 ,
1605 5008 1631 5045 a.
1650 4972 1864 5044 tessulinus.

256 5093 480 5153 eteurpeccasse.
503 5074 557 5132 Sed
579 5071 740 5136 Fisclrerus,
765 5067 933 5142 saepebonus
946 5083 1041 5139 ,saepe
1080 5064 1155 5118 inter
1179 5063 1370 5149 celeberrimos
1392 5075 1497 5152 'prostrat
1524 5067 1612 5120 aetatis
1630 5053 1864 5179 philolegttmgllfflgz¹

218 5109 303 5219 iiiam
322 5155 449 5230 egregius
460 5195 468 5223 ,
482 5151 522 5210 ita
547 5151 605 5207 fere
625 5147 740 5205 offendit
751 5186 760 5214 ,
782 5153 902 5216 ut,qnn
921 5141 1039 5214 pessima
1061 5139 1198 5230 ='arandum
1219 5157 1275 5193 ran
1303 5158 1411 5212 roqemr
1432 5141 1534 5197 lamam
1558 5159 1620 5198 cnm
1642 5139 1759 5193 aoeeruu
