3874 5726
992 293 1033 360 ll

203 401 331 482 Quoque
350 399 435 544 Ψ
456 419 582 484 magnes
590 443 600 473 ,
614 416 677 482 quo
697 402 838 482 fugiatve
855 403 940 484 pnlo;
1030 405 1106 466 Ecce
1119 403 1188 466 aliis
1201 403 1307 468 eadem
1321 407 1393 468 ritas
1406 405 1584 482 segermine
1596 405 1637 464 ab
1649 407 1712 466 imo

159 483 259 562 lltque
273 504 341 544 suas
356 505 371 542 s
406 494 479 546 rent
490 531 497 556 ,
507 485 571 544 vidi
585 529 594 557 ,
608 486 750 564 crystalla
766 487 896 564 figuras,
1069 487 1227 567 Explicat,
1240 489 1388 568 angelicis
1403 489 1626 566 perficiturque
1644 489 1758 548 eboris.

201 565 304 644 thue
316 587 385 627 suas
398 567 478 627 serii
493 568 651 647 imprimat
666 567 761 628 lrerba
773 569 885 645 fibras3
1027 569 1135 630 Omnis
1148 571 1211 644 ,sic
1221 572 1337 650 patuit,
1348 569 1689 634 mentemcoufuudere
1699 581 1823 635 nostram
1835 621 1842 650 ,

162 649 197 708 Et
214 650 314 708 varias
332 658 420 710 terrae
433 668 521 728 rupes
534 649 711 728 calcemque
720 660 752 710 et
763 673 888 712 arenam
1067 651 1381 722 Noscereoonantsm,
1391 672 1461 732 quaa
1471 653 1546 728 tegit
1557 653 1626 729 ipse
1636 653 1714 715 deus
1722 699 1731 726 ,

202 731 426 806 ignoti-mundi
440 731 573 790 condere
584 731 748 810 reliquias;
1025 731 1070 795 Ac
1084 735 1177 814 spisse
1193 736 1401 814 magicasque
1415 736 1515 814 premi
1528 733 1667 810 caligine
1686 753 1807 810 verum,

162 813 297 890 Ossaque
309 813 365 872 sub
380 812 483 890 gelido
496 812 589 872 Borea
606 813 733 874 latuisse
744 814 867 874 leonum
885 859 893 885 ‚
1065 816 1207 888 Cernere,
1215 837 1284 895 quoe
1295 825 1430 896 nequeat
1439 836 1517 895 ‚quo
1528 833 1620 893 mage
1631 817 1743 886 tendat
1751 819 1840 890 banau,

204 893 241 953 lit
255 895 360 974 procul
372 896 520 974 aequoreis
531 905 669 954 monstra
683 899 802 956 marina
814 897 911 975 plagis
925 923 933 976 3
1025 899 1183 977 Quemque
1194 919 1248 958 sue
1261 899 1515 962 errareutvideas
1524 899 1648 960 ratione
1660 903 1840 976 magistrum,

162 972 346 1056 ldajorisque
355 976 450 1038 alium
463 977 551 1035 molis
567 979 679 1037 vixisse
693 1000 747 1058 per
759 979 881 1054 orbem,
1063 984 1228 1040 Autranus
1242 1001 1323 1042 eroco
1332 981 1389 1040 sub
1403 981 1482 1048 duce
1495 979 1577 1040 ferre
1587 981 1708 1058 gradus
1719 1025 1729 1060 ,
1909 977 1910 990 ¹

205 1058 300 1131 Quam
316 1079 391 1138 quas
405 1060 537 1121 nutrivit
557 1069 638 1120 terra
656 1071 767 1120 nstrata
782 1061 883 1138 feras;
1027 1062 1071 1122 Ac
1082 1062 1168 1123 velut
1179 1063 1270 1123 aeriis
1280 1064 1388 1124 innixe
1403 1062 1517 1144 palatia
1531 1062 1668 1132 nimbis,

164 1138 200 1198 Et
212 1139 307 1200 multa
323 1150 396 1200 aute
409 1141 551 1201 homines
564 1144 755 1202 animantum
768 1145 855 1203 saecla
868 1147 966 1207 videri
977 1194 987 1225 ,
1062 1145 1132 1204 Sese
1144 1147 1317 1222 ignorantie
1327 1166 1453 1224 surpere
1464 1145 1575 1207 mentis
1588 1165 1681 1223 opus.

206 1219 242 1280 Et
252 1220 352 1282 multo
360 1222 480 1314 plautas
496 1225 543 1282 his
557 1225 692 1301 viguisse
707 1226 800 1304 prius.
1022 1227 1105 1298 lieu,
1115 1227 1194 1286 nihil
1206 1248 1243 1287 ex
1254 1228 1329 1301 illis,
1343 1236 1470 1308 propter
1480 1247 1549 1306 quae
1563 1236 1676 1288 caetera
1690 1245 1777 1284 nosse

159 1301 233 1366 Haec
244 1323 301 1382 ego
318 1315 482 1380 ,naturam
497 1308 675 1386 inquirens,
688 1317 719 1366 et
733 1307 865 1386 plurime
880 1311 946 1372 vidi
1062 1308 1259 1386 Plagrabam,
1275 1310 1372 1369 didici
1383 1329 1488 1389 ,posse
1505 1316 1612 1388 palere
1627 1309 1731 1381 mihi,

208 1386 357 1448 Praeterea
371 1412 378 1446 :
393 1406 503 1468 corpus
515 1409 575 1466 qua
587 1393 740 1466 gravitate
754 1391 841 1449 cadat
855 1434 863 1461 ‚
1022 1389 1153 1450 Nascere
1165 1412 1212 1452 res
1228 1392 1392 1454 homiuum
1407 1389 1538 1471 juvenili
1550 1390 1842 1467 ardoredeumque,

165 1468 308 1546 Quidque
317 1471 440 1548 ignem,
467 1470 569 1530 luusen
582 1473 657 1550 quid
670 1473 789 1548 fingant
803 1493 866 1531 esse
878 1477 984 1553 periti,
1065 1474 1146 1548 lleu,
1161 1475 1251 1532 sortis
1263 1494 1397 1554 propero
1411 1475 1487 1539 dum
1502 1473 1587 1534 rudis
1598 1473 1668 1552 ipse
1680 1465 1771 1532 mess!

205 1551 300 1624 Quam
316 1551 414 1612 celere
429 1551 467 1610 ad
481 1562 591 1612 terram
606 1554 727 1613 solisab
742 1554 921 1633 arbelluat3
1049 1575 1089 1616 ou
1104 1599 1112 1627 ‚
1139 1565 1174 1616 ut
1196 1557 1257 1616 sint
1278 1557 1433 1631 homines,
1453 1575 1537 1628 uon,
1557 1563 1593 1616 ut
1608 1558 1676 1616 sint
1690 1554 1841 1633 gramina,

163 1632 204 1692 llt
215 1651 307 1718 sonus
322 1635 355 1693 in
370 1643 495 1693 cunctas
506 1637 567 1693 icto
579 1634 617 1694 de
631 1655 758 1715 corpore
772 1647 872 1715 [sortes
1241 1667 1246 1677 ι
1511 1689 1516 1710 ‚
1767 1634 1841 1706 vidi,

202 1715 239 1774 Se
251 1715 386 1775 lundens
402 1716 500 1795 spatio
514 1719 552 1774 sit
570 1718 669 1776 minor
684 1739 868 1796 nequamus
1068 1718 1133 1780 Non
1149 1721 1291 1794 ‚animus
1302 1763 1309 1792 ,
1322 1721 1420 1780 nostri
1442 1721 1497 1797 qui
1512 1719 1683 1796 siqeantre
1701 1719 1807 1798 pedes,

151 1879 153 1884 Ι
167 1797 245 1870 Quid
261 1799 411 1877 trepidam
422 1799 518 1857 findat
532 1799 672 1862 tellurem
687 1800 824 1872 ‚viscera
841 1805 954 1864 montis
1023 1800 1085 1862 Nec
1098 1848 1106 1879 ‚
1118 1802 1195 1881 quid
1209 1802 1393 1864 defunctum
1418 1813 1543 1864 maneat
1552 1847 1561 1878 ,
1578 1820 1638 1866 uec
1647 1849 1657 1878 ,
1672 1798 1752 1880 quid
1772 1806 1841 1858 rotet

187 1877 411 1940 :Flammarum
426 1883 457 1940 in
476 1881 581 1940 nimbo
593 1903 648 1942 cur
661 1882 827 1961 liquefacta
841 1898 943 1946 voluat
958 1912 966 1962 ;
1373 1937 1377 1948 .
1789 1899 1840 1938 ⁰¹¹³

146 1969 150 1976 “
167 1960 246 2034 Quid
260 1962 360 2022 valeat
374 1983 469 2042 vapor
482 1962 631 2039 inclusus,
646 1965 794 2026 reboante
808 1966 926 2030 feratur
1065 1965 1139 2022 Cum
1157 1965 1303 2024 membris
1315 1963 1434 2024 animat
1446 1965 1689 2024 inlerllstfltulss·

204 2041 344 2108 Nubibus
363 2053 398 2106 ut
412 2047 510 2125 ruptis
524 2044 644 2106 flamma
659 2050 884 2128 coruscapolo3
1024 2047 1046 2104 0
1061 2046 1141 2106 bene
1155 2044 1161 2106 l
1174 2047 1230 2105 sub
1243 2046 1331 2108 vanis
1351 2045 1505 2126 palantem
1522 2057 1610 2126 turpe
1626 2044 1788 2126 sophistis,

164 2122 235 2197 Quae
249 2127 372 2186 tritiris
386 2127 510 2202 electri,
534 2128 687 2188 cumulata
704 2131 864 2192 metallum
1066 2129 1223 2208 lrcpudet
1243 2129 1692 2207 coecumpervnluisseclaaos.
1722 2145 1725 2151 '
1909 2184 1913 2198 ,

202 2206 241 2264 Ut
255 2209 370 2286 solvat,
383 2219 487 2288 pectus
502 2230 564 2289 quo
580 2212 740 2289 quatiatve
760 2213 863 2274 modu.
1026 2209 1242 2292 Obsnel'jam
1266 2211 1411 2272 reducem
1430 2212 1557 2288 simplex
1580 2221 1696 2272 natura
1717 2203 1839 2282 recepit:
1910 2212 1912 2286 ,¹

163 2287 235 2358 Ast,
250 2292 387 2350 animum
395 2292 573 2370 iuquirens,
584 2312 674 2366 sensu
685 2304 828 2374 percepta
844 2297 987 2358 videbam
1065 2292 1272 2352 lleliciassatis
1288 2299 1485 2372 cstcarpere,
1499 2303 1601 2356 sancta
1616 2341 1624 2368 ,
1641 2303 1732 2360 tuas,
1909 2295 1911 2328 l

205 2370 328 2432 Atlanta
342 2382 476 2432 mentem
489 2393 589 2432 suesse
603 2383 709 2434 tenere
720 2395 821 2446 mora,
1024 2373 1146 2455 Mystico
1158 2378 1296 2435 mortalis
1312 2386 1361 2435 tua
1375 2377 1451 2454 quin
1466 2374 1636 2454 penetralia
1651 2381 1788 2440 tentem.

157 2451 284 2531 ,Resque
295 2475 365 2536 uuas
377 2456 500 2532 junctas
513 2455 616 2534 plures
631 2459 853 2535 comprendere
874 2462 988 2535 furma3
1069 2459 1146 2532 Quin
1160 2457 1256 2516 oculis
1269 2468 1387 2518 tentem
1402 2478 1471 2536 quae
1485 2459 1560 2535 tegis
1577 2458 1659 2520 alma
1675 2454 1759 2518 meis.

141 2545 143 2550 “
209 2537 264 2608 Et,
280 2539 352 2614 quia
365 2537 510 2616 sitprcles
518 2583 526 2612 ,
541 2537 640 2612 velle,
655 2538 749 2597 luisse
758 2551 875 2619 patrem
888 2569 895 2618 3
1025 2541 1073 2599 Ah
1086 2585 1093 2607 ,
1104 2539 1176 2598 satis
1188 2552 1309 2600 aeterum
1320 2543 1390 2600 ritae
1402 2542 1480 2600 mibi
1494 2550 1615 2620 pectore
1628 2537 1734 2600 testis!

165 2621 266 2698 Atque
280 2620 326 2676 sui
338 2639 504 2698 memorem
516 2640 620 2679 rerum
635 2620 796 2682 stinulacra
807 2625 923 2687 referre
938 2674 946 2709 ,
1068 2623 1131 2682 Vox
1145 2623 1267 2684 interna
1280 2624 1352 2682 satis
1365 2644 1412 2682 me
1423 2624 1511 2682 dccet
1523 2643 1587 2683 essa
1598 2624 1705 2686 deum

208 2704 309 2778 Atque
321 2701 380 2778 alia
395 2702 525 2760 arbitrio
540 2703 658 2780 fingere
672 2723 758 2782 posse
773 2726 839 2765 suo.
1026 2705 1093 2764 Non
1114 2704 1191 2762 mihi
1213 2703 1276 2785 jam
1304 2707 1430 2780 saeuis,
1449 2706 1503 2768 ubi
1520 2705 1642 2774 sistam,
1664 2715 1798 2782 quaerere
1810 2692 1837 2749 5¹¹

167 2781 381 2860 Praetereaque
391 2783 526 2842 hominis
540 2795 681 2864 repetens
693 2785 732 2843 ab
747 2787 866 2866 origiue
882 2789 945 2848 fata
961 2835 970 2866 ‚
1733 2777 1842 2854 auru,
1913 2800 1915 2852 ξ

208 2865 264 2923 vix
276 2865 377 2924 brutis
390 2867 454 2925 vidi
466 2867 667 2946 discrepuisse
681 2869 753 2926 feris
764 2892 772 2941 3
1065 2867 1131 2926 Non
1142 2865 1229 2944 vigili
1242 2865 1336 2926 libeat
1346 2869 1462 2936 somnia
1480 2868 1567 2926 (locta
1586 2863 1690 2944 sequi.

138 3005 145 3032 ί
169 2945 414 3028 Torpentemque
424 2949 527 3009 animo
535 2996 543 3026 ,
559 2959 590 3010 ct
603 2970 743 3010 sermone
754 2971 873 3031 usuque
886 2973 991 3020 ceren.
1029 2952 1089 3010 llec
1104 2951 1179 3008 mihi
1191 2993 1200 3021 ,
1210 2949 1323 3027 papilio
1336 2951 1541 3029 quutpuuotis
1551 2992 1560 3020 ,
1571 2948 1676 3008 dicere
1689 2957 1842 3016 maguum>
1913 2967 1916 3016 j

908 3045 967 3104 ten.
980 3089 989 3117 ‚
1068 3034 1185 3106 Quotve
1198 3041 1306 3090 natans
1317 3033 1413 3090 uitcat
1424 3032 1550 3091 cochlea
1566 3031 1664 3091 multa
1677 3027 1769 3093 freto.

208 3113 346 3174 Setosum
363 3133 486 3194 campos
498 3135 614 3194 perque
627 3115 753 3174 cubasse
766 3137 891 3192 nemus3
1009 3185 1011 3190 Ι
1027 3115 1291 3194 Cryptcgamum‚
1314 3113 1488 3187 assolente,
1508 3133 1626 3192 genus,
1651 3114 1692 3172 sit
1716 3117 1842 3186 quaerett
1915 3147 1916 3170 r

165 3193 235 3256 Post
248 3197 989 3282 'vitaminnumeristerramqucornasserepertis‚
1207 3247 1209 3250 .
1490 3255 1492 3260 .
1691 3203 1842 3261 maguum,
1915 3195 1916 3199 ἵ

207 3280 243 3338 Et
256 3281 400 3339 struxisse
415 3280 506 3338 urbes
519 3321 527 3349 ‚
540 3278 750 3357 velivolasque
763 3289 857 3356 rates,
1067 3277 1129 3336 Sub
1140 3284 1241 3336 nostro
1253 3295 1292 3332 an
1304 3274 1410 3350 lateat,
1423 3274 1472 3333 vel
1484 3295 1562 3334 nova
1574 3294 1680 3334 musca
1690 3271 1769 3352 polo.
1915 3293 1916 3302 ¹

165 3359 203 3420 Et
213 3361 328 3422 chartae
341 3370 474 3422 mentem
493 3357 968 3446 mandasse,adllassequesaxo,
1026 3360 1222 3421 llemorcant
1235 3356 1341 3430 valles,
1353 3367 1499 3418 morcant
1513 3359 1545 3415 iu
1559 3347 1839 3416 montibusumbrm

180 3489 184 3494 .
211 3443 448 3521 Scrutatnmque
461 3443 585 3515 orbem,
602 3451 745 3521 tectaque
758 3444 874 3506 siderea
889 3470 897 3518 3
1068 3441 1102 3500 Et
1120 3442 1201 3500 veris
1211 3439 1393 3502 ridenslaeta
1407 3460 1541 3518 perarua
1552 3438 1649 3516 lepor.

166 3527 308 3604 Quosque
322 3526 397 3585 deus
408 3529 509 3604 posuit
520 3525 597 3583 fines
607 3525 810 3598 mortalibus,
823 3528 904 3589 ultra
1028 3521 1312 3600 llejubnraurcrus,
1330 3521 1490 3580 volucrum
1505 3529 1674 3580 eossoeutus
1685 3521 1836 3578 ovantum,
1915 3517 1916 3522 '

206 3607 348 3668 Tentasse
361 3608 499 3667 humano
515 3627 578 3665 uon
593 3607 734 3666 adeunda
750 3609 843 3684 pede:
1070 3605 1105 3662 Et
1127 3605 1211 3662 mitis
1222 3603 1441 3682 ruscis-esperis
1455 3625 1528 3664 aura
1541 3603 1648 3682 juvet3
1775 3675 1781 3687 ⁸

164 3687 214 3750 Sic
229 3694 313 3750 vario
332 3711 435 3749 rerum
451 3698 595 3749 naturam
611 3691 781 3768 interprete
797 3692 887 3750 condi
896 3739 904 3767 ,
940 3753 944 3762 ,
1029 3685 1156 3763 Quaque
1167 3705 1275 3743 ueums
1289 3703 1477 3764 campusque
1491 3685 1582 3744 silent
1596 3685 1721 3764 pertusa
1733 3679 1840 3756 qulelfls

177 3794 183 3820 =
208 3770 290 3842 llec,
305 3793 367 3852 qun
382 3791 467 3830 mens
478 3773 572 3850 possit
581 3791 652 3830 sana
667 3773 806 3850 quiesse,
817 3773 895 3833 dari.
1068 3765 1106 3826 Et
1117 3787 1186 3846 quse
1197 3764 1333 3826 eaeruteis
1344 3769 1369 3827 it
1379 3788 1456 3844 vaga
1466 3767 1538 3826 luna
1551 3767 1661 3846 plagis.

166 3851 245 3912 Eece
254 3854 329 3914 hnic
338 3863 459 3915 aeternae
474 3863 543 3913 suut
556 3873 603 3912 res
613 3900 621 3927 ,
633 3863 664 3912 at
679 3854 806 3912 nutibus
817 3855 864 3915 illi
1009 3866 1011 3871 ·
1028 3849 1094 3908 Nori
1109 3870 1182 3926 ega,
1194 3851 1334 3909 sinestra
1349 3851 1424 3929 quid
1439 3851 1546 3912 visere
1558 3851 1652 3928 possit
1664 3847 1703 3906 ab
1716 3863 1787 3918 erc«,

204 3937 320 3996 Gunela
335 3937 481 3995 creatoris
496 3945 578 3994 staut
591 3937 756 4014 lugiuntre
768 3937 824 3996 sui.
1069 3930 1261 4008 sohettmgo,
1274 3930 1374 3992 Kautu
1386 3931 1434 3992 vel
1446 3932 1598 3992 comesire
1608 3930 1700 3996 velim
1718 3969 1727 3998 ‚

164 4017 318 4077 ldateriem
334 4037 442 4096 puram
457 4028 530 4078 suist
541 4020 595 4095 qui
618 4027 814 4096 mentemque
825 4020 983 4098 putarint,
1027 4011 1252 4092 Nccproprium
1265 4014 1389 4077 finxisse
1404 4014 1496 4076 deum
1508 4013 1656 4084 mundive
1664 4012 1789 4088 figuram
1797 4043 1813 4074 s.

136 4158 138 4161 ,
202 4101 280 4160 Sunt
295 4100 367 4173 alii,
384 4109 527 4158 neutrum
543 4101 630 4178 queis
642 4103 709 4159 sine
720 4110 854 4179 utroque
873 4103 943 4160 fuit.
1045 4141 1049 4152 .
1070 4101 1131 4156 Aut
1140 4115 1296 4156 revocasse
1310 4097 1398 4176 sophi
1410 4097 1526 4155 somnia
1537 4097 1635 4175 prisca
1653 4091 1763 4172 gregia·
1808 4162 1814 4174 θ

164 4181 356 4243 llivinofacit
371 4182 423 4241 hic
438 4182 554 4241 salvum
578 4182 634 4241 sub
649 4183 777 4243 numius
797 4185 967 4259 mundum,
1028 4179 1097 4249 ah,
1115 4179 1244 4237 milri'sit
1258 4181 1360 4256 potius
1371 4197 1441 4256 quse
1456 4198 1516 4240 vox
1530 4179 1666 4240 humana
1677 4217 1692 4244 ‚·
1702 4163 1820 4250 superba·

149 4289 176 4330 ,αι
206 4265 244 4324 In
260 4274 323 4324 tntc
335 4283 416 4324 curse
429 4266 474 4323 nit
487 4265 570 4323 dedit
583 4265 635 4324 ille
649 4266 717 4322 (leo.
732 4303 734 4306 -
1069 4261 1219 4320 immunis
1230 4259 1295 4319 fuci
1310 4307 1318 4337 ,
1333 4263 1424 4320 corda
1438 4281 1561 4322 morere
1581 4254 1692 4338 queat!

161 4347 315 4408 Eccealiis
327 4367 442 4405 numen
457 4366 560 4406 rerum
572 4346 781 4426 perfunditur
795 4349 899 4406 orbem
914 4389 922 4416 ,
1027 4344 1068 4403 Ut
1081 4342 1208 4421 simplex
1223 4351 1331 4402 natura
1351 4351 1454 4404 movet
1467 4341 1652 4420 ,philomela
1667 4325 1815 4416 querendo
1915 4349 1916 4362 ¹

205 4432 305 4509 Seque
318 4449 427 4507 regens
438 4429 571 4487 mundus
582 4437 641 4488 stat
655 4430 730 4488 deus
744 4431 809 4508 ipse
825 4451 908 4488 suus.
1067 4427 1104 4485 Ut
1116 4433 1229 4499 moret,
1245 4434 1299 4484 aut
1321 4425 1392 4484 solis
1402 4421 1523 4502 garrula
1535 4423 1660 4504 lympha
1670 4418 1758 4499 jugis·

164 4511 218 4571 Ast
242 4513 335 4580 alius,
351 4520 445 4570 semet
458 4511 574 4588 lingens
586 4511 644 4570 sibi
660 4521 768 4571 cuncta
788 4522 943 4572 creantem
957 4555 964 4583 ‚
1026 4511 1065 4584 0,
1081 4527 1138 4586 ego
1152 4509 1176 4565 si
1187 4505 1336 4566 Juvenale
1350 4527 1457 4568 canam
1465 4551 1478 4580 ,
1490 4515 1635 4568 tencrove
1648 4495 1781 4562 Tibllllssr

203 4594 304 4654 llilait
316 4613 380 4652 esse
389 4639 397 4666 ,
411 4595 469 4652 nisi
482 4595 520 4652 sit
540 4595 625 4672 prius
640 4595 705 4672 ipse
717 4595 787 4653 sibi.
1067 4589 1269 4665 Autdignum
1285 4589 1347 4648 fide
1360 4588 1437 4667 quid
1452 4637 1463 4662 ,
1484 4585 1752 4648 candideFlacee,
1768 4585 1835 4637 ¹⁰³3

164 4677 318 4737 Humanas
333 4675 450 4734 animas
465 4676 512 4736 illi
527 4677 659 4735 docuere
672 4679 791 4754 perire,
852 4723 856 4728 ,
1027 4676 1057 4732 si
1070 4672 1147 4730 milri
1166 4669 1320 4743 Goetbeae,
1340 4671 1452 4730 memis
1467 4673 1508 4740 si,
1532 4663 1813 4741 sehittemdismm

204 4759 255 4818 llis
266 4765 368 4817 manet
382 4767 533 4818 extremos
546 4768 613 4837 post
634 4758 710 4817 levis
722 4759 831 4818 umbra
841 4779 944 4838 rogos.
1068 4753 1126 4814 Ore
1138 4761 1197 4814 tuae
1217 4752 1295 4812 mibi
1305 4753 1381 4832 quid
1393 4751 1502 4813 floreat
1520 4745 1666 4814 ausonio!

159 4841 237 4900 lluic
249 4841 327 4900 buna
345 4851 494 4919 perpetuo
510 4861 594 4899 meus
606 4850 651 4899 cst
666 4850 736 4918 post
747 4840 857 4902 fursera
870 4842 965 4914 felix,
1025 4838 1163 4914 Nonego
1181 4857 1232 4894 me
1246 4835 1361 4895 frustra
1376 4853 1484 4896 verear
1498 4837 1633 4908 vixisse,
1651 4832 1760 4895 futura

204 4922 307 4984 liceret
319 4927 473 5002 perpetuis
486 4925 579 5000 impia
594 4924 770 5002 suppliciis,
1071 4920 1130 4980 Aut
1140 4917 1249 4976 studiis
1270 4938 1310 4976 ne
1321 4920 1360 4977 sit
1375 4920 1473 4995 gratia
1485 4917 1571 4976 nulla
1582 4918 1657 4976 meis
1668 4937 1677 4987 ;
1799 4981 1804 4994 ι

159 5005 340 5068 llleanimas
351 5023 423 5063 orco
435 5016 523 5065 vireat
533 5007 565 5064 iu
581 5026 659 5063 nova
673 5007 809 5066 ruernbra
820 5007 984 5080 reducens,
1028 5002 1171 5077 Quamvis
1184 5020 1245 5060 nnn
1255 5002 1365 5080 opibus
1378 5001 1515 5062 dederim
1525 5007 1675 5082 praecepta
1687 4981 1830 5070 parandus

201 5086 349 5150 Praeteriti
376 5089 547 5168 quidquam
559 5087 610 5148 scd
623 5090 797 5150 meminisse
809 5098 908 5166 setat5
1068 5084 1128 5146 Nec
1139 5103 1197 5162 qua
1220 5103 1393 5166 purpureus
1404 5083 1522 5166 fulgeat
1536 5092 1604 5148 arte
1613 5079 1705 5147 colos·
1718 5099 1756 5118 “·
