3874 5726
104 431 263 496 Judieinnr
274 448 423 511 peragens
437 432 594 490 Teutonus
608 432 688 492 ensis
701 429 796 490 adest.
958 431 1014 492 Per
1025 431 1169 512 Campum
1191 431 1346 512 trepidans
1361 429 1475 512 pallida
1490 431 1578 490 turha
1595 433 1668 492 iacit
1681 455 1699 508 3,

60 517 254 590 Expugnare
268 514 373 592 procul
385 513 556 590 dedignans
567 514 653 572 attila
669 522 763 572 terret
777 539 786 572 .·
799 523 801 525 ’
916 515 981 588 Quo
993 533 1170 592 rescuuque
1182 513 1284 584 cadat,
1295 513 1561 591 potiensspeotare
1571 515 1710 574 futurum
1720 539 1732 590 ,τ

104 597 263 666 Teutones
272 595 347 654 huic
358 597 449 668 soeii5
462 597 556 656 horna
574 596 688 654 tributa
705 594 790 654 tulit.
957 591 1086 656 Mendici
1098 596 1190 674 prisci
1203 596 1357 674 temporis*
1370 602 1463 671 atque
1476 596 1532 652 sui.

59 677 299 739 wandalicam
313 677 396 736 Tibri
415 679 546 738 veniunt
555 677 741 754 Carthagine
752 677 878 736 classes:
916 676 1054 756 Virginei
1066 686 1183 739 recreet
1195 677 1227 736 ni
1238 677 1331 752 foratis
1344 676 1479 754 Agrippa
1492 674 1615 752 liquore
1628 720 1640 748 ,,

105 759 251 820 l'olrenti
267 767 367 817 tantas
378 779 441 818 sors
452 759 538 818 dedit
556 759 632 820 orbe
646 762 739 818 vices.
957 759 1097 820 arcubus
1115 760 1211 818 aerias
1232 778 1287 837 per
1301 766 1484 836 properante
1498 759 1583 831 rias;

59 843 172 916 Scipio
183 861 251 917 quc
265 885 273 915 ‚
293 841 398 920 Tyrias
411 839 487 900 olins
499 859 595 918 quum
606 849 740 901 verteret
753 859 859 909 arcos,
915 841 988 900 lirat
1002 841 1142 900 tabentes
1160 841 1319 900 sitientum
1333 840 1428 898 Sirius
1447 848 1531 898 artus
1540 885 1549 916 ,

107 925 189 982 Dum
205 921 336 984 flamme
346 923 536 982 horrendum
549 923 735 987 nocteruina
752 922 858 980 Premit
868 968 880 996 ,
957 927 1036 996 Aut,
1051 921 1131 982 ulvis
1142 923 1258 980 circum
1271 942 1337 998 quae
1354 929 1435 1000 tepet
1448 921 1531 980 unda
1546 962 1556 991 ,
1569 929 1687 999 potant.

59 1006 104 1064 Et
119 1005 230 1064 rubras
246 1004 347 1063 fertur
360 1004 476 1064 clamor
490 1005 684 1083 gemitusque
698 1003 755 1062 sub
768 1024 876 1074 auras,
916 1004 1108 1080 Fragmentis
1121 1012 1266 1062 renovata
1283 1005 1385 1061 nitent
1395 1003 1420 1061 si
1435 1002 1549 1082 templa
1561 1004 1710 1074 vetustis5

106 1088 262 1164 Praesagus
275 1087 389 1148 cecinit
399 1087 537 1146 carmine
547 1085 718 1146 llaeonidae:
956 1087 1037 1146 Urna
1063 1085 1264 1166 sepulchralis
1284 1085 1309 1144 si
1322 1093 1424 1164 stupet
1438 1103 1489 1142 ara
1504 1083 1582 1158 coli;
1647 1145 1650 1154 ,
1718 1087 1722 1094 ’

61 1167 143 1227 Olim
163 1168 214 1228 lus
237 1169 342 1227 reniet
355 1211 363 1239 ,
377 1187 437 1246 qun
452 1167 596 1245 Pergama
611 1187 695 1227 sacra
711 1165 856 1246 peribunt
871 1209 881 1239 ,
916 1167 1064 1228 Marmore
1075 1169 1099 1226 si
1112 1167 1206 1230 viridi
1217 1167 1369 1226 dederuut
1383 1165 1537 1243 Poenoque
1551 1161 1709 1224 columnas
1723 1186 1736 1232 a

105 1250 303 1327 insignisque
315 1249 403 1312 hasla
414 1270 484 1310 cnm
499 1249 612 1329 populu
625 1250 764 1310 Priamus
777 1272 784 1306 s
959 1251 1037 1326 Quid
1048 1248 1332 1330 juvatlltugustnm
1341 1247 1414 1306 dent
1424 1257 1662 1326 quoquepectus
1671 1248 1730 1306 rui.

61 1331 131 1392 lam
158 1333 250 1392 liunt.
262 1331 387 1404 Mundi,
406 1331 485 1392 heu!
509 1331 665 1410 squallens
684 1332 791 1410 regina
814 1337 879 1386 stu·
915 1333 964 1393 Sic
977 1331 1142 1411 Apennino
1153 1332 1310 1410 quondam
1322 1331 1406 1388 stetit
1416 1329 1501 1388 arida
1516 1348 1669 1408 quercus,

687 1441 692 1458 ι
744 1409 881 1491 ponsque
957 1410 1104 1473 Bacchica
1119 1433 1212 1491 quam
1228 1415 1380 1486 stringens
1392 1411 1478 1468 irone
1492 1411 1604 1469 sociate
1616 1458 1625 1486 ,
1637 1433 1693 1491 suo

104 1493 228 1578 hedera
240 1495 292 1552 rix
302 1493 516 1564 timidumisrt
527 1493 618 1573 'super
627 1503 693 1554 atra
706 1503 807 1571 caput.
916 1495 1035 1554 velarit
1047 1495 1160 1562 frustra
1176 1515 1275 1552 ramos
1287 1495 1413 1552 nsentita
1426 1494 1536 1552 decore
1550 1515 1558 1554 :
1626 1509 1629 1512 “

63 1575 160 1635 llorua
190 1595 293 1636 coruos
322 1575 493 1656 similisque
525 1576 646 1636 hastam
676 1574 881 1654 clypeumque
957 1574 1211 1636 Nonr'adicisalit
1229 1577 1423 1652 visreparat'a
1442 1582 1543 1652 caput,

716 1656 859 1717 Minervas
871 1704 881 1733 ‚
916 1659 1064 1719 stadonis
1076 1659 1184 1716 natura
1199 1657 1296 1714 libens
1311 1657 1362 1714 hio
1374 1655 1453 1715 ludit
1467 1654 1612 1724 amoenis3

103 1739 185 1797 llere
198 1739 259 1798 levi
271 1759 348 1800 aona
361 1757 479 1820 propes
487 1737 652 1798 Amazonio
664 1782 677 1810 ,
956 1740 1014 1800 Sed
1028 1760 1080 1800 cor
1093 1742 1175 1798 iners
1190 1739 1306 1816 refugit
1321 1738 1412 1796 fortia
1425 1737 1504 1796 iacta
1517 1745 1650 1811 patrum.

72 1820 149 1880 lassa
162 1821 248 1880 loris
261 1821 417 1898 quondam
430 1823 552 1880 cristata
561 1820 676 1879 casside
691 1819 817 1880 vibrans
833 1865 840 1894 ,
916 1825 995 1884 husa
1007 1823 1110 1880 iumen
1124 1822 1231 1900 priscis
1243 1820 1428 1879 contendere
1439 1819 1564 1898 plastica
1577 1813 1671 1876 sactis
1687 1857 1694 1886 ,

109 1903 200 1978 Luget
215 1948 223 1974 ‚
238 1903 302 1964 sola
316 1923 407 1982 super
421 1903 519 1963 fructa
536 1909 648 1980 tropea
664 1902 780 1964 sedens.
958 1903 1086 1972 Condita
1101 1901 1263 1982 Graiorum
1279 1916 1376 1979 quum
1390 1900 1493 1959 charis
1506 1900 1560 1958 illa
1576 1899 1630 1956 din

69 1984 119 2042 l'ir
148 1985 412 2063 tandem,quum
441 1993 527 2046 vasta
561 1986 667 2063 jaceat
691 1983 881 2064 spoliataque
917 1987 1054 2046 Surrexit
1065 1986 1163 2044 noctis
1176 1985 1414 2061 gremiozmens
1429 1981 1525 2042 ardua
1538 1979 1629 2041 linxit
1639 2023 1650 2052 ,

290 2095 294 2104 ⁴
348 2091 351 2098 ¹
749 2081 882 2146 cuncta,
958 2063 1474 2127 illisnetellnsiortilisunaforet.
1511 2133 1513 2138 Ι

103 2145 283 2206 Horrendus
295 2155 399 2208 noctes
411 2145 718 2226 excipitorhoquies.
916 2147 1021 2210 Finxit
1052 2167 1168 2209 ainans·
1190 2147 1351 2228 llaphael,
1371 2144 1531 2206 Bonarotti
1551 2137 1732 2224 prophetica

62 2229 225 2305 Seruirptia
240 2231 393 2288 taciturna
405 2230 489 2308 jugis
504 2228 564 2287 'ciet
578 2227 629 2286 illa
645 2227 807 2306 querelas,
1584 2225 1734 2289 volvens3

104 2311 252 2369 Gramine
263 2329 329 2389 quae
340 2310 443 2370 Tellus
454 2311 542 2368 busta
554 2310 685 2368 decente
697 2312 784 2386 tegit.
956 2312 1067 2372 Intulit
1077 2311 1217 2372 aethereis
1225 2307 1383 2370 Pantheon
1396 2307 1451 2368 ille
1462 2307 1571 2388 plagis.

63 2392 152 2472 dunc
163 2391 282 2471 placida
294 2401 439 2453 extremar
451 2391 594 2452 labantur
603 2410 678 2470 paee
688 2393 787 2452 ruinas
799 2417 805 2452 :
915 2393 993 2456 leta
1004 2393 1056 2454 sed
1070 2394 1136 2460 heu
1147 2393 1263 2473 pariter
1277 2391 1330 2450 lux
1341 2400 1387 2452 est
1397 2391 1533 2450 extincta
1544 2414 1552 2449 :
1564 2389 1674 2460 fuisse,

104 2473 150 2552 Ad
163 2482 278 2534 tectum
288 2484 421 2551 vergunt
432 2473 493 2554 pila
505 2473 668 2550 trabesque
676 2493 777 2534 suurn.
956 2479 1165 2556 Heu,praster‚
1176 2495 1324 2554 magnum
1334 2472 1597 2552 quidtibi‚Roma,
1605 2475 1708 2534 mouet
1720 2461 1733 2524 ,Ρ

63 2556 128 2616 llus
139 2556 296 2633 quondam
306 2575 433 2634 surgens
448 2554 535 2614 ilexit
545 2555 599 2613 via
610 2555 700 2614 Sacra
714 2578 721 2613 ε
736 2557 859 2636 Capeus
915 2561 958 2620 Ac
971 2559 1087 2630 ‚veluti
1102 2557 1147 2616 nil
1163 2565 1263 2637 speret
1277 2601 1285 2626 ‚
1298 2555 1389 2614 hians
1405 2551 1541 2614 elabitur
1556 2564 1645 2630 atas,

104 2635 246 2710 Victores
264 2647 351 2718 porta
365 2647 443 2716 quot
456 2637 527 2696 tulit
539 2635 593 2696 illa
607 2635 700 2696 duces
708 2684 717 2714 ‚
956 2643 1016 2701 Ceu
1032 2641 1122 2700 tertis
1131 2642 1253 2698 asinam
1267 2638 1397 2696 funibus
1410 2638 1510 2696 Ocnus
1521 2635 1588 2696 alit.

66 2720 211 2796 Agmina,
222 2740 276 2799 per
291 2720 477 2798 turbamque
488 2716 881 2802 trahentesrineularoges‚
914 2723 1063 2802 Principii
1077 2722 1152 2782 deus
1164 2721 1216 2781 hic
1231 2719 1358 2781 mutilus
1379 2727 1438 2778 stat
1454 2717 1592 2796 Clarigcr
1603 2721 1669 2800 ipse
1683 2741 1693 2780 ι

108 2797 153 2860 ad
167 2801 309 2860 fremitus
320 2803 412 2862 niveo
422 2821 500 2880 saepe
513 2809 645 2879 parente
654 2802 752 2880 jug05
955 2803 1083 2866 Horrida
1092 2803 1193 2881 caligo
1205 2801 1411 2884 prospiciente
1423 2799 1509 2860 sodet

66 2883 148 2942 llum
162 2883 326 2964 Capitolini
335 2883 580 2943 saerosriotoriae
596 2879 730 2944 honores
915 2889 974 2949 Ora
989 2929 999 2958 ,
1007 2888 1181 2966 juventutis
1194 2905 1262 2964 quae
1272 2881 1357 2962 spem
1367 2881 1481 2942 delerit
1493 2903 1502 2952 3
1517 2889 1549 2940 at
1562 2881 1620 2942 alti

105 2963 150 3023 Ex
160 2973 233 3042 roto
244 2965 379 3024 condant
392 2985 485 3024 aurea
500 2973 579 3024 tecta
593 2964 694 3027 Jorisl
956 2970 1101 3028 Aversom
1112 2968 1249 3028 frontem
1260 2986 1337 3044 ruga
1353 2964 1469 3024 doloris
1479 2972 1555 3024 arat.

66 3042 280 3106 Nunedeserta
294 3049 344 3106 ria
358 3056 422 3121 est,
437 3066 552 3106 merces
564 3046 616 3105 ubi
628 3067 700 3107 rure
711 3048 841 3114 ferendo
916 3054 987 3128 Quae
1001 3049 1087 3108 dabit
1109 3049 1275 3126 augurium
1290 3045 1426 3108 volucris
1437 3043 1587 3124 itorpore
1608 3046 1740 3126 sepultis

109 3127 276 3188 Ductorem
292 3131 388 3208 pascit
399 3128 547 3206 languida
558 3127 640 3188 mula
652 3149 753 3190 auum.
956 3129 1026 3208 Quae
1042 3151 1126 3190 niano
1136 3130 1308 3192 Romulidis
1320 3129 1383 3188 fata
1396 3125 1512 3205 Sibylla
1525 3136 1615 3188 canet
1631 3125 1645 3188 i

67 3211 112 3270 En
129 3211 174 3268 ibi
194 3231 264 3290 que
283 3212 402 3270 cunetis
415 3211 517 3272 iecere
528 3209 649 3270 Palaeis
663 3231 798 3282 nomen,
915 3215 993 3276 lium
1008 3213 1093 3274 senio
1106 3214 1212 3274 mundi
1224 3212 1307 3272 labat
1318 3211 1401 3270 inter
1414 3209 1532 3270 somnia
1548 3218 1653 3272 narstra

108 3294 172 3352 Uno
187 3294 245 3352 suh
255 3294 381 3352 domiuo
393 3337 402 3368 ,
415 3312 476 3372 qua
489 3294 580 3352 unius
594 3301 683 3372 aucta
697 3295 808 3354 domus
957 3295 1065 3356 Lethes
1078 3293 1241 3354 horriferis
1257 3291 1401 3356 machina
1413 3310 1512 3350 mersa
1521 3289 1633 3356 rudis?

68 3372 213 3434 Romulea
225 3383 343 3436 veteres
355 3375 447 3434 llonra
455 3374 548 3453 jubet
560 3376 607 3433 ire
620 3385 758 3454 pantaleo
771 3400 781 3447 3
894 3409 896 3417 v
916 3379 1038 3438 AEterne
1051 3397 1112 3437 nou
1125 3377 1202 3438 urhe
1214 3377 1299 3458 locus
1317 3376 1357 3436 sit
1368 3373 1494 3451 dignior
1506 3417 1515 3448 ‚
1525 3393 1612 3450 aequa
1658 3427 1661 3433 ,

108 3456 224 3516 hurum
240 3457 365 3526 ,insane
378 3455 457 3514 Nero
468 3501 478 3528 ,
490 3476 547 3515 neo
563 3456 708 3535 capitilla
723 3457 830 3518 tunna!
956 3461 986 3522 Si
998 3453 1101 3521 re'rum
1116 3459 1214 3522 finem,
1225 3477 1352 3531 cernere
1367 3463 1471 3516 mente
1490 3454 1578 3516 selis.
1660 3505 1663 3512 .

68 3539 158 3620 Nurac
169 3537 415 3617 hederaepallent
425 3539 539 3598 circum
551 3535 702 3616 fulgentia
713 3541 881 3620 quondam,
916 3542 965 3603 Sic
980 3561 1075 3624 prope
1085 3542 1297 3622 pyramidem,
1313 3537 1395 3600 Cesti
1409 3547 1612 3600 monumenta
1623 3557 1738 3612 ,carm-

108 3621 145 3680 Et
154 3639 245 3700 supra
258 3620 489 3691 frutices,vitis
499 3619 629 3698 olorque
640 3630 759 3702 tegunt.
938 3625 941 3634 ⁴
1261 3623 1263 3626 ’
1642 3621 1737 3692 bam,

69 3702 352 3762 liuuoi'rondaturis
361 3701 460 3780 proles
471 3721 526 3780 per
537 3701 645 3760 balnea
659 3703 757 3782 ludit3
958 3707 1038 3768 Ilum
1044 3707 1257 3770 latnitsensim
1267 3706 1355 3772 busta
1364 3722 1419 3786 per
1426 3703 1533 3763 umbra
1546 3715 1677 3767 natans„

107 3783 240 3842 Fornioe
255 3781 381 3842 cultoris
400 3784 513 3844 rustica
531 3783 590 3843 telo
601 3786 720 3863 jacent.
918 3789 998 3851 Aisa
1011 3811 1101 3870 super
1113 3783 1373 3870 pallam'strarere
1384 3785 1583 3865 crepuscula:
1600 3791 1717 3855 circum

70 3868 194 3944 Carpite
202 3912 212 3941 ,
228 3865 318 3944 plenu
331 3865 389 3924 deo
415 3865 526 3924 clamat
540 3865 656 3926 Curnaea
671 3866 783 3949 Sibylla
798 3919 807 3948 ,
959 3873 1068 3934 Tristia
1087 3871 1264 3932 volventem
1278 3871 1423 3930 funditur
1437 3869 1499 3928 alta
1514 3871 1615 3948 quies.

108 3947 265 4007 Dardanio
276 3945 411 4026 pandens
421 3947 537 4026 inclyta
551 3947 614 4007 iata
629 3949 716 4024 duci,
919 3949 1052 4014 Tantum
1063 3965 1136 4016 atre
1148 3953 1239 4032 longe
1261 3960 1404 4014 nroestum
1415 3971 1562 4028 gemuere
1582 3954 1714 4035 cupressi
1730 3999 1739 4029 ,

70 4031 189 4109 Carpite
201 4049 298 4099 nulio,
310 4027 405 4102 tauri,
418 4028 458 4088 de
468 4037 583 4107 septem
595 4032 751 4091 montibus
762 4032 890 4116 herbas,
960 4035 1001 4100 Et.
1012 4047 1154 4100 moestum
1168 4037 1259 4115 pinus
1272 4038 1337 4096 risa
1348 4052 1472 4094 morere
1482 4044 1586 4112 caput.

109 4111 190 4171 Dum
200 4105 472 4188 licetthicmagnae
480 4110 640 4190 jamloous
651 4111 814 4174 urbiserit.
920 4121 985 4181 Non
998 4115 1140 4180 fremitus
1150 4139 1297 4197 usquam3
1311 4119 1389 4176 ritae
1399 4114 1511 4176 siluero
1525 4116 1677 4176 tumultus
1690 4139 1699 4192 5

70 4193 233 4264 lamlicet,
244 4195 423 4266 semitarum
436 4215 442 4250 :
453 4213 572 4273 semper
580 4193 775 4256 volventibus
784 4201 891 4276 antris„
960 4195 1081 4264 Natura
1092 4221 1202 4261 venam
1219 4201 1270 4260 six
1284 4199 1427 4260 micuisse
1437 4205 1537 4275 putes.

108 4273 287 4336 Primaevam
297 4273 414 4334 *faciem
425 4274 532 4334 saecula
547 4274 745 4338 rettulerunt.
920 4287 963 4346 Ac
977 4277 1063 4363 istene
1075 4283 1239 4342 horrebam
1254 4328 1268 4355 ,
1277 4278 1499 4342 rivorumsede
1512 4279 1618 4338 relicta
1631 4325 1643 4348 ,

71 4353 124 4416 Per
137 4359 278 4438 depressa
287 4355 353 4416 illic
362 4355 489 4416 Velabra
502 4355 622 4418 calente
633 4360 796 4436 quiescunt
961 4361 1147 4426 Umbrarum
1158 4385 1252 4425 narsus
1265 4385 1319 4444 per
1331 4363 1395 4422 loca
1410 4361 1493 4422 ierne
1506 4362 1633 4440 gradus.

110 4439 179 4500 ⁵⁰¹0
190 4457 316 4520 8‘08082
330 4438 397 4516 ill⁸⁰
411 4438 465 4496 b⁰³
478 4437 551 4498 ¹²⁰¹st
565 4440 661 4518 inqua
670 4439 757 4501 FUW·
920 4441 986 4508 Fax'
997 4449 1135 4508 maeroris
1149 4448 1247 4507 amica
1263 4446 1375 4505 cadens
1388 4445 1495 4522 regina
1510 4443 1590 4504 diei!

72 4520 111 4579 Eu
119 4566 129 4596 ,
142 4521 200 4582 sub
214 4521 358 4580 aventini
369 4519 569 4600 pendenteut
582 4541 659 4604 rupe
673 4524 808 4584 virentes
962 4527 1147 4604 Quumalma
1161 4527 1325 4588 lucosimnl
1334 4523 1688 4603 formacolorqueperit.

110 4602 157 4661 illl
173 4603 267 4664 colles
283 4603 354 4662 Caci
369 4620 492 4682 pascere
514 4602 553 4662 ad
576 4613 665 4664 antra
677 4606 811 4668 timenti
919 4611 1035 4671 Pallida
1047 4609 1283 4684 cunctasdent,
1294 4612 1364 4670 riter
1378 4609 1527 4685 fugientis
1541 4610 1643 4682 imago
1656 4631 1667 4664 z.

74 4682 222 4764 Geryonis
234 4684 317 4742 dicas
329 4683 460 4763 pecudes
473 4705 480 4739 ε
495 4682 555 4744 hae
568 4703 695 4766 corpora
707 4688 788 4748 mole
960 4694 1028 4754 lion
1041 4702 1127 4753 terras
1139 4693 1293 4770 gremium,
1303 4712 1370 4772 spes
1380 4711 1471 4768 super
1482 4689 1545 4748 ulla
1562 4689 1653 4749 leuat.
1755 4729 1758 4739 .

113 4769 213 4830 Instar
227 4774 258 4825 el
268 4767 552 4826 hastarum'corssuu
564 4765 645 4828 celse
664 4769 782 4829 ferunt·
888 4765 892 4774 ⁵
920 4776 964 4838 Ac
972 4775 1070 4835 veluti
1089 4777 1185 4834 ritum
1200 4775 1356 4846 ‚nondum
1378 4773 1572 4832 radiantibus
1585 4769 1701 4844 astris,

72 4849 135 4923 Quo
147 4850 246 4928 magis
271 4847 441 4908 humanum
457 4848 579 4928 pudeat
593 4869 706 4927 geuusa
722 4853 798 4912 ltine
810 4855 885 4928 Qui·
961 4859 1047 4916 luter
1057 4856 1195 4916 mortalis
1209 4865 1450 4936 perpetuamque
1462 4875 1547 4914 mora
1558 4863 1622 4922 est3
1698 4909 1700 4920 ,

787 4937 893 4998 rites‘l·
920 4939 1009 5000 Sacra
1034 4939 1087 4998 aad
1111 4948 1147 4997 ut
1169 4948 1311 5000 ruoestum
1335 4938 1458 5016 fulgens
1479 4935 1543 4996 Nux
1561 4945 1678 5014 spectat
1701 4935 1740 4996 uh

112 5013 173 5077 Nec
185 5010 247 5094 pali
260 5041 271 5084 ,-
285 5011 416 5074 frasnum
432 5033 490 5072 nec
508 5014 640 5074 tenmsse
652 5031 780 5092 memor,
1627 5017 1721 5078 aethra
1735 5047 1752 5093 ,ι

72 5095 106 5156 Se
122 5093 207 5156 salut
219 5093 330 5157 illudat
345 5095 485 5170 ,misere
497 5097 678 5158 commercia
691 5098 761 5160 rita
964 5103 1058 5164 Trans
1071 5101 1223 5164 tusculum
1236 5101 1318 5166 lotas
1334 5120 1419 5162 ruens
1435 5095 1523 5160 sidet
1534 5096 1595 5158 alta
1608 5101 1702 5162 vices.
