3878 5718
180 407 259 466 llusa
282 408 320 465 sit
342 403 496 467 Bacchus:
513 409 634 469 Bromio
648 411 789 476 bibamus
804 419 811 476 !

184 489 257 548 Octo
281 489 337 547 sub
360 489 478 568 pallens
502 489 601 550 decies
622 496 741 572 pruinis

187 573 280 630 Frons
300 573 338 631 ab
365 574 487 631 ardenti
507 575 615 634 rubeat
639 577 776 655 liquore!

311 656 438 716 Neelare
460 669 586 717 ‹n'etnus
729 667 732 676 '

189 805 333 864 Sensibus
354 805 479 862 mersis:
500 804 668 878 hederam,
694 806 845 879 soldales,

135 907 138 918 ·
190 889 238 946 Nil
261 885 371 947 tiineut
392 887 486 957 oani3
509 887 637 947 viridem
663 887 798 967 juventu,

189 972 272 1030 Hanc
299 969 379 1042 gerit
405 968 546 1028 frondem
561 969 690 1048 spoliata
706 970 806 1050 longis

309 1051 410 1110 Oruus
431 1051 470 1111 ab
484 1051 586 1112 anuis.
802 1055 809 1062 '

353 1301 356 1308 '
460 1285 522 1373 'nu
541 1312 736 1377 rouuolou

372 1455 594 1535 (Klopstockii
620 1481 657 1518 aa
678 1459 791 1541 Youay.
814 1466 826 1542 )

183 1599 289 1660 Terras
320 1597 449 1675 linque,
479 1617 590 1673 senex,
617 1599 740 1679 linque,
772 1607 938 1685 propheta!
965 1614 1006 1672 Te

183 1684 315 1762 Surgens
335 1680 531 1768 palinodia,
560 1680 693 1760 lacryma
718 1695 747 1742 te
770 1699 879 1762 vocat,
953 1731 957 1738 ·

348 1758 491 1822 (laudens
516 1777 610 1840 quam
633 1765 687 1823 libi
708 1767 800 1842 llere,
826 1792 887 1850 en,

305 1846 422 1908 Lumen
437 1845 597 1906 ,coelitibus
618 1849 731 1908 arradet.
767 1859 790 1926 ,¹

180 1999 260 2072 Quid
284 1989 411 2056 cessas?
437 1992 667 2052 Monumentum
694 1996 842 2058 aethereos
870 2003 927 2062 tihi

179 2083 245 2140 Stat
264 2097 386 2155 campos
410 2078 566 2152 superaus.
591 2076 729 2152 Namque
749 2081 856 2141 atheos
877 2106 985 2162 graves

341 2160 377 2218 Et
399 2155 491 2230 festas
512 2157 571 2228 libi
603 2168 708 2224 noctes
816 2223 819 2232 ,
953 2158 957 2167 ’

299 2241 338 2300 Et
359 2259 457 2298 sacras
478 2239 630 2316 vigilans,
647 2248 700 2296 tuo

177 2391 280 2462 blondi
293 2389 446 2468 judicium
467 2385 581 2452 sentit,
613 2393 643 2441 el
668 2385 790 2448 horruit

178 2478 276 2534 Cautu
292 2471 453 2544 davidico,
475 2469 565 2546 quid,
580 2466 699 2544 sapiens
710 2491 712 2500 ’
722 2471 816 2543 velis,

339 2552 567 2627 Defunctosque
584 2550 713 2626 cientis,

302 2637 401 2694 Sentit
414 2679 426 2708 ,
451 2633 528 2712 quid
545 2632 797 2718 frerriitus'tubae.

175 2787 281 2844 Terras
305 2783 413 2860 linque
428 2789 539 2839 :tuum
561 2786 627 2849 est,
651 2781 734 2856 quod
755 2782 832 2842 milri
855 2785 997 2864 gaudio,

176 2866 262 2940 Quali
279 2865 491 2949 justusorat,
512 2881 593 2919 mors
615 2863 723 2920 sim-ilis
750 2884 851 2930 sonus,
889 2891 891 2899 ·

340 2951 380 3006 At
400 2947 462 3004 dux
481 2965 521 3002 ne
542 2943 619 3001 mihi
641 2944 742 3020 desis,

296 3030 403 3102 Vade,
428 3036 463 3088 ut
490 3027 530 3102 sis
549 3028 658 3106 genius
679 3048 776 3100 meus.

286 3201 290 3207 ·
395 3172 437 3231 IN
450 3169 617 3231 llUTANTE
632 3171 785 3231 bonnus

284 3369 286 3374 .
307 3313 377 3390 (Ad
392 3312 516 3371 Goethei
526 3295 627 3371 Daraer
638 3316 679 3370 im
696 3310 743 3372 W
740 3313 842 3373 cabsel·
857 3315 872 3390 )

174 3463 257 3528 Ilua,
273 3469 367 3530 quam
381 3445 491 3504 vellem
507 3489 514 3516 ,
531 3442 610 3500 mihi
625 3453 723 3520 posset
734 3446 811 3506 hora

174 3540 260 3602 Veris
278 3535 334 3592 hos
347 3529 439 3610 primi
451 3527 586 3584 retinere
601 3524 705 3584 liores!

174 3620 313 3688 Flatibus
324 3613 377 3672 sed
390 3613 454 3689 jam
469 3607 596 3687 'zephyri
611 3609 745 3688 tepentis

294 3697 385 3776 Copia
398 3691 509 3769 ningit.
562 3705 563 3710 ¹

174 3847 247 3920 Quae
266 3843 370 3900 uirens
393 3834 505 3893 lassum
527 3830 619 3890 modo
649 3825 729 3892 fovit
751 3828 884 3908 umbra,

173 3925 293 3987 Fronde
316 3939 391 3978 num
410 3916 523 3976 laeter?
550 3913 690 3972 Celerans
710 3921 740 3971 et
759 3912 844 3972 illam

172 4011 282 4070 Fusoat
305 4011 488 4064 autumnus,
517 3995 741 4080 tremulamque
761 4002 864 4076 raptat

296 4082 430 4144 Turbine
445 4079 573 4136 bruma.

173 4241 204 4298 Si
218 4235 340 4316 placent
364 4227 505 4298 fructus,
528 4232 713 4301 properante
734 4239 828 4303 carpe
889 4237 892 4246 ,

171 4323 300 4380 llexlera
326 4320 459 4392 parterm
480 4306 624 4384 propiora
642 4315 713 4370 sunt
733 4305 802 4366 haee

172 4405 264 4462 Poma
288 4393 439 4462 maturis,
462 4387 553 4446 simul
574 4387 627 4446 illa
645 4407 773 4464 germen

293 4474 411 4537 AEmula
434 4476 597 4550 rumpunt,
620 4489 621 4494 ¹
683 4477 686 4488 ·
705 4487 709 4494 ·

169 4641 284 4706 blanda
308 4660 375 4718 quae
399 4634 497 4706 rideti,
514 4631 641 4690 ¹feriens
669 4636 797 4708 repente

171 4727 306 4802 Quilibet
319 4721 430 4780 vallem
455 4716 513 4775 tibi
528 4723 626 4772 mutat
647 4713 766 4782 imber,
825 4753 840 4805 ¹.

168 4811 292 4888 Nuper,
318 4805 400 4877 heu,
424 4818 481 4858 uec
501 4817 591 4874 quo,
613 4794 710 4854 fluvio
736 4791 861 4854 natabis

289 4892 403 4944 ttursus
423 4876 552 4941 oedem!
832 4881 834 4886 ’

167 5023 236 5100 Ipse
255 5019 325 5096 quis
349 5035 432 5079 nuno
455 5011 504 5072 esl
526 5009 662 5100 viguere
682 5015 756 5066 natu

167 5106 206 5163 Te
227 5103 332 5182 prius,
358 5117 448 5177 rupes
476 5095 545 5168 uti,
573 5095 664 5184 firma
691 5107 795 5150 muros
822 5171 827 5182 Ι

1042 417 1077 476 Et
1101 416 1186 478 vides
1207 441 1313 498 arces,
1338 422 1400 488 alio
1427 432 1575 517 ridesque

1166 502 1294 566 Lumine
1313 525 1442 592 sempor.

999 655 1009 662 ··
1047 631 1135 709 lbgra
1153 653 1222 712 quae
1248 644 1405 716 quondam
1420 647 1557 727 Glycerae
1580 653 1732 720 medelam
1793 689 1797 697 ·

1044 716 1104 774 ore
1125 718 1320 798 quaerebant,
1341 727 1445 789 abiere
1469 731 1572 809 labra,

1047 798 1166 876 Quique
1190 821 1242 877 pes
1269 805 1364 868 darnae
1386 811 1514 875 saliebat
1537 818 1635 878 instar

1167 879 1311 946 Cautibus
1327 891 1446 968 audax,
1695 887 1698 902 ⁸

1048 1015 1181 1092 Quaeque
1195 1018 1349 1098 gaudebat
1369 1043 1476 1083 manus
1496 1038 1568 1088 ante
1586 1043 1708 1111 promta

1047 1095 1212 1173 Pauperem
1233 1100 1302 1158 ruiti
1326 1103 1463 1168 relevare
1487 1113 1586 1173 dono:

1000 1187 1005 1202 ⁸
1047 1177 1173 1258 Torpuit
1192 1185 1311 1241 cunctis
1336 1187 1415 1252 male
1433 1195 1500 1256 laxe
1519 1197 1665 1258 membris

1163 1261 1254 1324 Versa
1277 1266 1388 1343 ligura.

1047 1417 1198 1497 Quodque
1215 1417 1375 1491 florentis,
1404 1428 1463 1486 nisi
1485 1449 1597 1490 nomen
1625 1453 1750 1514 unum,

1045 1499 1092 1557 Nil
1110 1504 1154 1560 tui
1169 1513 1269 1562 servat
1284 1552 1291 1580 ,
1307 1504 1383 1564 levis
1405 1511 1484 1570 unda
1508 1513 1627 1590 qualis,

1044 1583 1136 1643 Venit
1155 1593 1210 1648 ut.
1236 1607 1369 1667 praeceps
1390 1591 1543 1656 elementa
1567 1599 1610 1656 sio
1632 1611 1687 1657 se'
1715 1611 1723 1622 ‘

1165 1666 1212 1726 Ad
1225 1687 1278 1730 sua
1295 1671 1403 1733 volvit.

970 1883 973 1888 Δ
1043 1815 1107 1874 lma
1122 1838 1192 1876 cum
1208 1821 1314 1898 primis
1337 1824 1403 1882 sine
1428 1828 1590 1888 concitatis

1044 1897 1205 1960 Conduaut
1230 1903 1340 1976 horis;
1366 1907 1475 1966 citiore
1502 1909 1589 1988 lapsu

1042 1982 1110 2060 Ipse
1123 2003 1216 2060 quam
1231 2005 1333 2044 rerum
1349 1989 1432 2066 quod
1459 1992 1568 2070 imag'o'
1588 1998 1715 2071 transis,

1163 2065 1249 2126 Tolle
1270 2069 1436 2146 querelam.

1042 2213 1094 2269 Cui
1115 2211 1380 2292 favet,nunquam
1396 2221 1531 2296 peritura
1548 2241 1633 2281 musa

1042 2296 1085 2351 Sit
1104 2296 1175 2353 satis
1199 2297 1316 2356 donans
1328 2345 1336 2373 ,
1360 2302 1526 2380 animoque
1547 2304 1670 2382 pulchri

1040 2375 1175 2436 llredalas
1194 2377 1329 2453 formas,
1353 2381 1526 2462 siluamque
1550 2387 1702 2447 muudum

1163 2459 1259 2520 Corde
1281 2463 1338 2520 sub
1362 2463 1434 2524 alto.
1653 2475 1657 2483 '

1353 2631 1355 2637 ,
1398 2619 1532 2636 ——nu

1258 2711 1458 2773 uobuNTUM
1469 2713 1628 2780 Fuluus,

1102 2875 1122 2963 (
1136 2881 1277 2944 Sehilleri
1291 2885 1338 2942 die
1355 2887 1449 2946 Graust
1463 2889 1513 2948 des
1528 2889 1757 2972 Aupeabliekea.
1774 2902 1791 2970 l

1034 3025 1278 3086 Sioehorolaeto
1297 3027 1566 3104 varioquerursus
1607 3045 1610 3055 ⁴
1642 3035 1645 3042 ’
1674 3055 1676 3062 ·
1736 3049 1739 3058 ’

1033 3109 1203 3168 Reddimus
1220 3109 1327 3181 nobis,
1352 3109 1452 3186 plnoet
1472 3121 1503 3170 et
1529 3125 1658 3176 recente

1034 3191 1211 3250 Carminum
1240 3194 1323 3250 necti
1346 3190 1422 3250 folio
1447 3213 1593 3258 eoronam
1611 3220 1624 3268 3,

1152 3275 1253 3335 Prima
1263 3293 1407 3334 eamoenae

1036 3405 1122 3470 Dona
1138 3411 1190 3470 sed
1213 3412 1337 3470 cuinam
1361 3411 1495 3474 ierimus·
1508 3417 1666 3480 deorum?

1037 3493 1192 3552 Gaudium
1212 3496 1299 3572 cujus
1326 3514 1434 3573 parere
1454 3507 1499 3557 est
1521 3511 1653 3578 potestas
1665 3551 1675 3578 ,

1035 3572 1125 3634 Hune
1139 3576 1227 3633 decet
1250 3578 1385 3654 primum
1401 3581 1547 3643 cecinisse
1568 3583 1650 3656 laetos
1665 3610 1674 3663 3

1157 3657 1278 3716 Scilicet
1307 3679 1393 3718 aram

1037 3799 1084 3858 Nil
1105 3801 1195 3860 Ceres
1209 3803 1272 3861 vita
1296 3804 1457 3875 decorans,
1471 3808 1654 3886 rubentem,

1037 3873 1084 3940 llil
1108 3883 1195 3962 juvas
1211 3931 1220 3962 ,
1246 3885 1388 3958 Baeobc,
1410 3889 1442 3946 in
1456 3900 1594 3968 pateram
1608 3913 1737 3958 racemo

1036 3965 1215 4044 Exprimens
1237 3989 1338 4026 rorem
1355 3969 1460 4029 :focus
1476 3974 1558 4032 unde
1571 3973 1681 4056 flagret
1690 4025 1699 4054 ,
1748 4049 1750 4056 γ

1161 4049 1284 4108 AEthore
1298 4052 1322 4108 si
1334 4071 1396 4109 non

1014 4197 1016 4200 ’
1035 4192 1177 4252 Emicaut
1193 4192 1346 4265 dammae,
1371 4215 1472 4274 neque
1491 4195 1591 4256 Ferret
1608 4197 1684 4276 igne

1035 4274 1163 4334 Ebrium
1187 4285 1292 4353 pectus
1304 4317 1315 4352 5
1341 4297 1443 4354 neque
1465 4280 1687 4361 'corsoluptas

1034 4355 1193 4435 Frigidum
1209 4367 1318 4416 lentat.
1341 4359 1423 4418 Bona
1438 4381 1501 4420 sors
1511 4408 1520 4438 ,
1535 4370 1675 4441 opertet,
1698 4399 1703 4425 ·.

1158 4439 1266 4511 Nube,
1291 4442 1424 4518 sinuque

1032 4594 1158 4659 Decidat
1179 4598 1284 4656 divum
1299 4620 1310 4674 5»
1333 4598 1535 4678 dominosque
1560 4620 1694 4680 praeseus

1032 4691 1112 4742 Ante
1137 4689 1328 4740 momentum
1350 4682 1529 4741 dominalur
1542 4701 1658 4744 omnes.

995 4764 1133 4824 „Prima
1160 4771 1278 4823 uaturae
1301 4764 1411 4840 genite
1433 4773 1493 4826 stat
1516 4784 1552 4826 ex
1577 4784 1638 4844 quo
1653 4768 1713 4828 im⁴
1821 4839 1824 4844 ¹

1044 4861 1052 4877 ⁸
1156 4865 1261 4905 meuse
1274 4845 1394 4924 figura,

1028 4996 1085 5063 Dia
1100 5015 1168 5076 quae
1193 5004 1282 5054 terras
1307 4995 1393 5055 ridet
1405 5015 1457 5055 ora
1474 5014 1621 5076 cunque,

947 5094 950 5100 '
1028 5085 1128 5144 lleute
1140 5098 1196 5139 ceu
1210 5078 1315 5138 lumen
1336 5081 1479 5141 micuere.
1490 5079 1574 5141 Saxis
