3878 5718
900 309 940 386 rt

90 460 338 536 saumarius
364 441 499 540 vicar,
531 463 630 545 aar,
652 445 805 533 carras
833 471 875 532 nr

380 583 525 646 ossnrs
542 584 549 644 r

1158 530 1165 544 .
1189 457 1353 578 arursrs.

933 687 1021 749 Elats
1041 688 1133 749 rebus
1145 698 1268 770 pectora
1283 693 1436 773 prosperis

934 771 1010 832 Vitae
1025 781 1164 831 moneret
1174 793 1244 852 quae
1259 773 1369 834 dubias
1384 777 1486 854 vices,

974 853 1160 932 Pastumque
1178 854 1297 914 sedaret
1306 866 1510 939 protervum,

1015 934 1106 1019 Graia
1120 938 1210 997 deam
1224 938 1365 999 Nemesin
1377 945 1545 1005 verendam

116 848 125 865 ,
197 790 307 869 Salve,
335 787 469 852 sidereas
492 791 575 868 laces

66 869 155 938 luter
168 874 304 939 coeruleo
318 873 392 934 luna
407 893 512 936 means
523 871 614 955 polo,

194 959 344 1036 Fragrans
368 951 483 1036 pallida
504 945 579 1016 dum
603 965 712 1019 neruus

67 1041 132 1102 Nox
147 1039 275 1119 altoque
288 1039 366 1116 tegit
379 1053 451 1098 rura
467 1033 604 1103 silentio.

192 1121 299 1194 Salve,
314 1119 384 1182 lene
395 1121 572 1199 tepentibus

67 1205 160 1270 duris
174 1205 232 1263 sub
243 1203 369 1284 zephyri
381 1249 389 1277 ,
402 1201 508 1263 lumen
518 1203 651 1266 amabile
666 1225 674 1261 s

192 1287 319 1347 Aroania
333 1285 429 1345 animi
441 1287 503 1346 mei

67 1371 192 1432 llaturae
213 1369 308 1429 facies
319 1368 439 1428 conscia
452 1368 601 1428 sensibus·

195 1451 271 1511 Nam
291 1471 361 1530 quse
376 1450 501 1510 delicias
514 1459 581 1510 tuas

67 1529 234 1595 Vineam?
257 1533 400 1592 Floriferi
416 1535 499 1592 reris
516 1530 668 1592 arnoenior

199 1617 244 1675 Sit
257 1617 398 1694 quamvis
410 1615 513 1675 oriens
526 1615 591 1674 dies
605 1629 612 1672 ε

68 1703 171 1770 Aureo
183 1700 269 1758 crine
279 1699 382 1758 nitens
393 1707 423 1756 et
436 1698 530 1758 roseis
541 1697 627 1776 genis
638 1743 648 1772 ,

191 1782 290 1856 Quum
308 1782 390 1841 rivos
402 1781 519 1856 'pitreos
533 1799 628 1859 prope

69 1861 178 1940 llajus,
196 1881 334 1941 gemmea
346 1884 398 1922 seu
412 1872 499 1942 prato
510 1883 565 1943 per
577 1859 733 1948 ambulatJ

73 2019 74 2022 Ἴ
109 1946 239 2005 Aurorae
266 1965 380 2006 eroceae
405 1945 482 2026 juga

70 2021 128 2090 Vel
141 2028 263 2112 scen-dit
276 2029 385 2108 lepidis
400 2027 496 2090 tincta
510 2019 672 2088 coloribus.

195 2110 279 2170 Soles
296 2132 352 2172 ror
364 2113 490 2189 juvcuis
503 2111 583 2170 mihi

69 2189 90 2251 'l
92 2215 112 2252 u
124 2191 283 2272 pulchros,
298 2193 430 2266 celeres,
442 2195 503 2261 ab,
520 2193 652 2253 nimium
663 2195 760 2260 relers
771 2205 778 2262 l

192 2277 305 2356 Expers
318 2297 395 2355 ques
409 2278 486 2334 senii
498 2295 625 2334 monens
698 2275 700 2280 ’

71 2358 164 2420 Suari
178 2379 265 2418 musa
278 2367 380 2418 tamen
392 2359 495 2417 reddit
508 2359 644 2435 imagine
656 2381 665 2432 3

196 2442 279 2500 Caris
289 2461 352 2500 non
364 2441 429 2500 'sine
439 2438 602 2514 cordibus,

70 2523 152 2586 Vitae
171 2525 259 2603 queis
279 2525 437 2583 sociis=ver
450 2523 527 2582 mihi
549 2521 663 2585 lloruit.

197 2606 221 2665 0
241 2606 345 2666 dulces
362 2607 491 2675 animae,
506 2604 564 2664 diu

73 2683 141 2750 lam
157 2689 268 2750 restris
279 2691 381 2768 riget,
396 2689 474 2762 heu,
490 2708 619 2766 gramen
630 2689 663 2750 in
676 2690 815 2754 ossibus!

197 2771 259 2832 Nec
275 2781 401 2851 questus
415 2773 533 2849 teneri,
546 2769 596 2850 pla

72 2855 134 2918 Nec
148 2854 250 2930 tangit
262 2856 406 2914 memoris
424 2853 559 2934 lacryma
577 2853 752 2934 pulverem

194 2937 285 3016 Sylva
308 2957 406 3016 quum
421 2936 513 2996 tacita
528 2952 645 3015 vagor,

72 3019 183 3080 llirans
204 3023 394 3099 purpureum
408 3017 456 3078 vel
472 3018 567 3097 jubar
582 3019 705 3100 hesperi
721 3037 731 3099 3

194 3104 255 3161 Seu
271 3101 342 3161 fons
356 3122 405 3161 me
419 3101 584 3179 querulum
599 3111 757 3184 strepens,

75 3182 235 3262 Fulgentis
249 3185 364 3264 species
374 3183 423 3244 rel
437 3193 521 3243 tenet
531 3184 654 3244 aetheris
667 3208 693 3246 :-

198 3268 293 3341 Quem
313 3287 403 3347 supra
414 3266 546 3348 baalim,
569 3267 667 3344 boni,

76 3347 175 3408 Vestri
184 3348 358 3410 coelicolum
373 3370 444 3430 pars
458 3349 552 3408 habet
565 3351 662 3412 atria:
686 3377 687 3382 ¹

201 3433 283 3509 lluc,
302 3430 408 3492 dulces
421 3433 552 3506 animoe,
567 3452 636 3491 mea

78 3509 157 3572 llens
172 3515 272 3575 tendit
282 3515 390 3596 patriis
404 3511 529 3574 sedibus
541 3507 678 3575 exulans.

933 1103 1034 1163 Finxit
1047 1111 1202 1164 vetustas:
1218 1105 1268 1164 cni
1282 1106 1423 1167 cubitum
1436 1130 1527 1190 sagax

933 1183 1078 1264 Insigne,
1097 1187 1291 1265 fraenumque
1304 1197 1334 1246 et
1347 1188 1458 1251 tribuit
1472 1205 1590 1256 rotam:

974 1267 1032 1328 Dat
1042 1267 1097 1326 ille
1110 1288 1284 1328 mensuram
1300 1271 1507 1353 modumque;

1016 1350 1119 1410 lraena
1134 1359 1241 1411 vetant
1252 1372 1343 1432 super
1355 1353 1537 1434 irejuslunn

933 1513 1025 1574 lubet
1036 1514 1183 1594 superbos
1195 1525 1267 1574 ante
1278 1517 1370 1596 pedes
1379 1525 1447 1582 rota

933 1596 1060 1677 Sperare
1073 1598 1163 1656 sortis
1174 1591 1344 1658 ludibrium
1359 1621 1464 1679 vager,

972 1680 1025 1738 Jus
1036 1677 1145 1758 fasque
1158 1679 1302 1738 florentes
1316 1683 1446 1764 prolaqa
1524 1752 1528 1760 p

1015 1763 1083 1835 Quo
1101 1763 1231 1822 timeant
1243 1762 1360 1823 violare
1375 1776 1490 1830 mente.
1582 1835 1586 1842 ,

933 1928 992 1987 Suo
1004 1926 1139 1988 ferocem
1147 1947 1286 1996 crescere
1292 1931 1403 1992 robore

933 2010 1030 2069 Odere
1046 2011 1130 2070 diri:
1147 2013 1244 2087 testis,
1259 2013 1298 2071 ob
1313 2015 1408 2094 impie

973 2087 1111 2161 Jaotata,
1132 2113 1224 2171 quens
1236 2095 1300 2152 ritu
1311 2096 1449 2158 ferarum

1016 2174 1054 2234 ln
1075 2173 1170 2255 syluis
1184 2175 1319 2238 retulere
1336 2197 1429 2240 sacrae

932 2346 1052 2410 Vixisse
1065 2349 1197 2428 chartae,
1211 2353 1299 2412 testis
1311 2361 1342 2414 et
1354 2355 1449 2414 unica

933 2432 1066 2492 Cruenta
1085 2435 1158 2494 nebi
1172 2455 1227 2514 per
1244 2435 1369 2514 lugiens
1383 2437 1463 2498 ficeta
1472 2484 1481 2513 ,

974 2515 1133 2574 Ridendus
1146 2517 1230 2578 ultor
1244 2537 1334 2596 quae,
1353 2521 1476 2580 revulso

1016 2596 1130 2677 Ponte,
1143 2598 1251 2659 furens
1264 2600 1386 2661 domuit
1402 2605 1529 2665 catenis.

932 2762 1055 2823 Tellure
1071 2763 1158 2844 pulsa
1174 2765 1229 2844 qui
1245 2774 1297 2826 tua
1316 2762 1453 2828 concitas

933 2843 972 2905 ln
993 2867 1077 2906 arma
1095 2855 1219 2925 gentes,
1236 2868 1306 2908 mox
1318 2849 1435 2927 phariis
1448 2848 1530 2931 jaces

977 2930 1146 2988 Truncatus
1165 2925 1244 2988 orisl
1260 2931 1339 3005 Quid
1351 2942 1470 2994 remota

1010 3009 1103 3070 lllulle
1119 3031 1231 3088 sequor
1244 3010 1258 3071 l
1272 3013 1437 3072 Tumidum
1450 3013 1638 3096 triumphis,

936 3171 973 3231 Os
987 3190 1084 3249 quum
1099 3171 1234 3250 supremi
1246 3163 1380 3230 vidimus
1396 3171 1508 3230 arbitri
1592 3233 1596 3243 ,

935 3255 1104 3326 διιηιεὶεεο,
1122 3254 1231 3312 Corsus
1249 3253 1398 3329 concidit,
1411 3261 1442 3316 et
1452 3257 1541 3332 gravi

977 3335 1161 3415 Fratresque
1172 3345 1380 3415 cognatosque
1390 3339 1485 3396 traxit
1502 3379 1510 3411 ,

1014 3417 1118 3496 llegne
1132 3418 1245 3497 quibus
1259 3419 1387 3478 dederat
1399 3461 1412 3494 ,
1425 3421 1528 3480 ruina.

935 3577 1037 3642 Flevit
1047 3576 1175 3640 marinis
1185 3581 1315 3661 rupibus
1329 3581 1450 3642 exulem
1461 3629 1470 3660 ,

934 3662 1032 3722 Flevit
1051 3665 1205 3742 sepultum
1221 3666 1348 3724 victima
1363 3664 1447 3724 lilius

976 3746 1136 3822 llrgentis,
1155 3747 1236 3816 heu,
1261 3747 1318 3806 fati
1334 3747 1476 3826 paterni!

992 3897 994 3900 Ι
1017 3829 1106 3888 Nunc
1119 3827 1264 3910 juvenem
1279 3831 1440 3888 miseratus
1454 3827 1538 3888 orbis

409 3747 572 3767 *nh

362 3913 412 3973 Ab
444 3913 620 3975 ClClDAl.

937 3989 1100 4072 Magnisub
1113 4009 1184 4048 orco
1196 3988 1337 4048 manibus
1352 3985 1450 4046 audiit

937 4077 1083 4135 iunctum
1100 4069 1246 4152 parentis.
1260 4075 1345 4150 Soepe
1356 4071 1448 4130 luunt
1459 4069 1509 4128 ari

980 4156 1107 4234 Culpam
1121 4163 1248 4234 nepotes
1260 4178 1268 4225 ;
1281 4174 1337 4212 nec
1351 4161 1513 4212 nocentem

935 4263 940 4272 ’
1021 4239 1127 4298 Suevit
1143 4238 1228 4312 enim
1246 4237 1384 4319 rapuisse
1405 4234 1533 4300 vindex,

280 4077 415 4158 (lloeltpi
434 4101 472 4138 rm
503 4081 552 4138 dir
577 4079 701 4157 Grille.)

84 4291 191 4368 Parva,
208 4292 327 4354 telibra
339 4293 490 4372 superbis
504 4313 558 4372 per
573 4293 703 4355 herbam

85 4371 506 4453 Floribus,moesloquotuo,
522 4377 648 4448 cicada,

351 4458 357 4470 .
446 4460 451 4472 .
887 4444 891 4450 -
938 4387 1112 4480 longisque
1129 4398 1286 4478 quondam
1309 4405 1447 4456 evertere
1461 4393 1600 4454 cladibus

84 4459 166 4522 Falce
183 4481 241 4519 ceu
258 4460 337 4518 lasso
349 4479 453 4539 purenr
468 4468 498 4518 et
512 4458 643 4538 puellae,

940 4489 1054 4565 Stirpes
1068 4491 1230 4563 potentum
1246 4506 1252 4540 :
1266 4482 1309 4538 sic
1322 4478 1468 4558 placitum
1483 4478 1560 4550 deri,

163 4544 252 4604 Dans·
269 4550 372 4623 strepa
392 4561 533 4602 scurnum
554 4564 562 4614 3

89 4705 246 4768 Paululum
267 4707 346 4766 lenis
363 4701 462 4777 mibi,
479 4725 549 4766 cara
561 4751 570 4778 ,
584 4704 704 4784 somni,

88 4789 185 4847 Saevus
195 4799 230 4849 ut
244 4791 301 4848 sub
315 4791 407 4850 corde
422 4788 510 4847 dolor
524 4789 661 4866 quiescat
676 4812 684 4847 :

89 4872 208 4932 Gaudio
222 4875 240 4930 d
246 4872 321 4932 ulcis
337 4892 403 4933 mea
416 4873 516 4931 Laura
528 4871 634 4930 ridens

80 5011 83 5016 .
165 4949 288 5016 Somnia
318 4951 417 5017 fallat.

426 5085 570 5104 -ιιιιιιιι-η.

980 4569 1055 4642 Qui,
1074 4584 1203 4641 inagnus
1215 4583 1295 4622 uuus
1307 4605 1314 4633 ‚
1324 4583 1386 4621 non
1400 4569 1558 4631 moratur,

1022 4648 1152 4708 Pulvere
1169 4647 1245 4724 quid
1257 4653 1379 4724 reputet
1390 4652 1510 4704 creatus
1522 4687 1533 4719 ,

940 4821 1095 4883 Laudetre
1110 4817 1229 4896 judex;
1251 4809 1443 4890 scilicetrjus
1458 4821 1523 4890 est,

943 4906 1014 4979 Quae
1034 4900 1098 4961 sola
1117 4908 1259 4959 constans
1272 4915 1407 4975 veraque
1419 4895 1517 4973 gloria
1532 4917 1540 4972 ;

985 4987 1047 5046 Nec
1058 5031 1067 5059 ,
1079 4983 1133 5042 ille
1148 5001 1240 5060 quam
1253 4981 1365 5055 donat,
1376 4983 1446 5058 quis
1466 4998 1608 5060 unquarn

1024 5067 1102 5130 Pace
1114 5084 1223 5127 carens
1235 5064 1338 5143 riguit
1348 5063 1469 5124 beatus.
