3878 5718
141 395 203 459 Nec
217 387 630 476 rutieipsips,‚gignitqncd
645 395 756 468 cuncta
770 387 913 468 regitque
926 411 935 468 ς
998 387 1134 453 Grandia
1145 409 1197 452 seu
1212 385 1451 468 tonitruumque
1463 385 1622 450 horrentia
1638 371 1740 464 mele,

141 465 384 554 ilinc'etenimse
396 475 441 552 i‘e,
449 477 569 554 jactant
576 518 586 547 ,
600 469 775 531 diffundere
785 469 961 551 pulchrum,
995 473 1171 544 Malliasire
1182 472 1284 533 colore
1293 491 1406 534 ornans
1414 471 1562 536 diffundit
1577 479 1607 530 et
1621 473 1730 534 umlrra
1742 517 1750 542 ,

142 563 186 624 ric
209 571 371 635 veterum,
392 561 429 618 u't
452 573 617 635 magnum,
641 560 794 636 repetunt„
806 551 898 612 effata
912 575 962 614 sc-
996 557 1062 615 Nea
1073 555 1193 631 ocules,
1203 557 1340 615 animum
1355 574 1422 613 nen
1432 554 1475 610 sic
1488 555 1645 614 satiaverit
1659 557 1813 630 aequant,

84 650 86 654 ·
205 663 208 672 ·
349 633 351 642 ’
440 648 444 656 “
502 639 504 646 ’
808 633 1820 714 phorumQuinnovacentenentcnrcammereutquelucratis,

142 717 237 806 Atqui
248 711 556 800 complexuruteneas
568 716 593 774 si
607 723 730 794 pectore
741 731 857 774 numen
870 763 880 792 ,
996 721 1186 797 thuennro
1198 738 1315 796 semper
1326 718 1423 776 niteat
1439 719 1547 775 vestita
1560 715 1677 794 lepore.

140 807 308 882 Exiguam,
324 793 427 880 <quaeso
440 799 568 878 ,quanti
581 797 620 855 sit
630 809 756 856 noscere
770 787 912 876 quartem?
997 801 1144 880 Adspice,
1160 801 1295 878 quilmtc
1310 800 1477 857 miscentur
1491 800 1631 874 gramine
1645 793 1754 871 llurcs,

142 888 179 948 Et
191 887 331 965 genitum
340 929 348 960 ,
365 891 395 940 et
409 881 535 941 {luxisse
546 879 623 950 dec,
645 899 708 938 non
722 878 766 937 est
785 879 857 938 satis
869 893 942 957 erge
951 924 962 958 ,
997 883 1053 942 Vel
1065 894 1134 960 qnae
1149 902 1237 948 scena
1250 882 1352 940 virens
1366 899 1436 939 cum
1452 880 1550 957 prime
1565 871 1695 956 incudes
1710 893 1785 944 vere

143 969 262 1029 Divinae
274 974 327 1024 ent
341 955 505 1043 pulchrum
520 963 634 1020 mentis
648 959 756 1019 iecisse
770 957 919 1038 figurem:
997 964 1054 1024 Per
1068 963 1161 1022 valles
1174 973 1354 1040 montesque
1363 959 1448 1021 redit
1462 984 1470 1036 ;
1486 981 1539 1040 per
1552 960 1642 1022 lmrie
1654 982 1727 1020 ,saxa
1748 1005 1756 1033 ‚

145 1049 231 1124 Quod
243 1045 386 1124 sibi'quid
397 1044 482 1121 velit,
491 1043 576 1102 haud
584 1044 687 1120 magni
697 1043 824 1101 sitscire
836 1031 961 1115 laberis,
976 1117 981 1127 ·
996 1046 1143 1126 Adspice,
1166 1062 1233 1124 quse
1253 1043 1371 1104 blande
1391 1051 1536 1123 properat
1560 1043 1636 1102 levis
1659 1044 1741 1103 unda
1768 1057 1820 1100 su·

141 1129 285 1191 Necsane
296 1127 465 1186 absurdum
477 1123 686 1206 reputeszsed
698 1129 798 1182 crassa
809 1123 962 1184 tumentes
1541 1187 1543 1196 ,
1589 1185 1591 1193 ,
1714 1141 1824 1201 surra,

143 1211 315 1290 Implerunt
330 1209 402 1268 fuco
418 1210 581 1286 ventisque
595 1204 772 1279 volumina,
786 1204 879 1284 lenge
974 1233 978 1240 ⁴
997 1194 1136 1288 Adspice,
1147 1207 1230 1286 qued
1241 1213 1362 1266 resanat
1371 1205 1519 1284 spumosis
1530 1199 1672 1264 lluctibus
1683 1216 1826 1280 antrum,

143 1295 264 1354 Scilicet
274 1294 459 1351 immensum
473 1283 652 1367 in‘spatium
663 1285 786 1364 lateque
795 1287 948 1348 trahentes
950 1329 962 1360 ,
997 1287 1060 1351 A'ut
1070 1291 1159 1366 nigra
1174 1289 1340 1349 candentes
1355 1297 1447 1366 caput
1460 1287 1543 1345 inter
1558 1286 1664 1351 nubila
1677 1307 1768 1368 rupes
1781 1313 1791 1348 r

144 1377 180 1435 Ia
194 1377 282 1454 queis
293 1391 364 1432 vera
377 1383 471 1450 queas
483 1361 622 1428 bissenis
636 1360 740 1426 dicere
753 1361 872 1441 verbis,
1000 1371 1046 1434 hd
1057 1365 1126 1448 qnae
1139 1371 1314 1450 sepeliret,
1331 1369 1530 1447 quantumvis
1542 1377 1614 1441 nete
1626 1407 1635 1444 ,
1645 1389 1771 1428 reverse

145 1453 278 1536 Simplex
293 1457 371 1533 quin
385 1451 465 1512 ratio
478 1451 569 1510 tilius
583 1457 725 1509 sensusve
740 1447 910 1528 repugne't3
1000 1453 1152 1513 Redditur
1162 1453 1307 1532 adspectu
1318 1450 1405 1510 nullo
1421 1451 1528 1508 satiata
1544 1449 1695 1528 voluptas.

145 1541 202 1600 Sed
217 1553 350 1616 quorum
372 1547 477 1594 causas
499 1526 591 1591 simul
605 1530 788 1610 explicuisse
801 1527 941 1608 labores,
1002 1537 1051 1605 Sic
1062 1580 1070 1608 ,
1082 1555 1151 1614 quaa
1163 1544 1283 1594 naturae
1294 1533 1373 1612 parit
1387 1552 1437 1592 ars
1447 1532 1622 1602 imitamina
1636 1532 1761 1610 pulchri

146 1623 298 1681 Centinuo
314 1619 408 1697 spissa
421 1613 549 1694 fugiunt
558 1611 690 1692 caligine
699 1615 814 1688 mersa',
1002 1618 1145 1696 Egregius
1154 1616 1287 1688 fermus,
1299 1613 1612 1693 sensusaninrumque
1625 1617 1743 1674 tuentis

146 1703 307 1780 Lcngiusa
321 1707 406 1759 recte
417 1707 468 1774 nt,
480 1715 571 1774 muge
583 1716 645 1774 quc
657 1697 818 1770 scruteris,
830 1695 966 1756 aberres.
1004 1691 1163 1758 AElernum
1175 1699 1245 1758 vire
1259 1696 1395 1756 mulcent
1409 1695 1531 1776 perfusa
1543 1695 1654 1754 decore
1666 1717 1675 1765 ;

147 1785 207 1844 Nos
217 1791 320 1843 nutem
328 1827 339 1856 ,
354 1782 503 1859 qnoniam
515 1779 558 1837 sie
571 1778 735 1838 decrevere
750 1776 892 1856 sophistae
903 1821 913 1851 ,
1006 1781 1085 1856 Quin
1094 1822 1107 1858 v,
1121 1799 1209 1858 mage
1220 1799 1282 1857 quo
1291 1786 1420 1856 spectes,
1436 1777 1715 1841 intentum-fortius
1727 1789 1830 1857 usque

147 1868 217 1927 Esse
231 1877 328 1924 unum
342 1861 509 1945 pulchrum
520 1868 722 1938 sanctumque
735 1855 916 1937 bonumque
928 1859 978 1940 sia,
1006 1851 1194 1940 Deliciisque
1207 1861 1295 1928 novis
1309 1869 1436 1920 tenuere
1449 1877 1591 1938 novoque
1614 1860 1727 1918 nitere.

817 2002 820 2009 ,
843 1935 972 2018 namus,
1007 1945 1116 2004 Nonne
1129 1943 1230 2017 rides,
1245 1939 1382 2022 subjecta
1394 1941 1493 2000 modis
1504 1987 1511 2012 ,
1522 1941 1653 2004 cerlisre
1667 1941 1767 2000 soluta
1780 1983 1791 2011 ‚

149 2029 210 2089 Nec
223 2026 322 2087 tribus
334 2023 385 2084 his
398 2044 507 2100 rerum
522 2025 692 2104 quidquam
706 2023 820 2083 distare
831 2031 971 2102 pcetamr
1008 2030 1081 2087 Arte
1095 2034 1187 2104 atque
1199 2025 1328 2101 ingenie
1343 2043 1531 2084 summorum
1543 2024 1829 2102 scripta-virerum,

150 2111 190 2170 Et
202 2131 269 2188 quae
281 2117 448 2188 praeterea,
462 2117 560 2185 nugas
574 2106 605 2165 el
615 2107 722 2164 inania
737 2105 837 2178 dieta,
985 2165 987 2170 ,
1008 2107 1124 2187 Saepius
1138 2115 1174 2166 ut
1185 2113 1303 2185 repetas
1315 2105 1460 2185 ,pulchri
1476 2105 1772 2184 dulcedinecaptas,

150 2194 240 2272 JEgrc
257 2189 437 2250 circumfert
454 2191 601 2248 estheiica
617 2187 709 2246 turbe
723 2183 849 2244 cerebro
865 2202 872 2243 t
1009 2181 1046 2248 du
1058 2190 1188 2268 repetita
1202 2189 1299 2267 magis
1314 2195 1509 2265 mentemque
1523 2206 1692 2264 auremque
1703 2205 1833 2246 muren-

150 2275 228 2347 an,
242 2275 390 2351 inquam,
408 2271 576 2350 pulchrum
588 2270 676 2347 queis
699 2275 845 2348 ponunt,
867 2251 976 2353 nuhila
1752 2259 1838 2329 turi

381 2363 389 2366 ·
475 2399 478 2406 r
787 2403 789 2408 ,
874 2355 954 2408 tectu
967 2387 989 2420 ,a
1012 2347 1118 2426 Qualia
1132 2350 1237 2410 divino
1254 2351 1365 2430 passim
1382 2349 1565 2410 tibi‘lullins
1576 2366 1629 2410 cre

152 2435 357 2512 liumatosque
368 2429 585 2490 rubescircum
595 2438 780 2506 noctemque
789 2415 977 2506 proldndarn
1012 2431 1200 2510 Praebuerit,
1213 2453 1276 2491 nun
1289 2453 1394 2493 sensus
1409 2432 1463 2490 ubi
1476 2433 1663 2512 perfectius,
1675 2431 1760 2492 auris

153 2519 335 2590 horrentes,
348 2515 415 2592 ipso
429 2531 520 2570 sensu
531 2509 628 2588 magis
645 2524 742 2588 usque
757 2510 900 2568 fruamur
908 2557 916 2586 ,
986 2569 990 2576 ,
1012 2515 1141 2591 Fingere
1154 2533 1211 2574 nec
1226 2515 1336 2592 pessit,
1354 2515 1433 2573 ratio
1444 2531 1501 2574 nec
1512 2515 1630 2592 fingere
1643 2515 1735 2592 jruxsta.

153 2601 251 2674 Quem
263 2604 374 2656 natura
387 2595 489 2667 dedit,
501 2591 654 2652 volvendo
669 2611 787 2650 sumina
801 2591 956 2670 colentes,
1013 2597 1111 2671 Quid,
1127 2598 1232 2675 primas
1247 2604 1347 2674 parles
1362 2597 1474 2674 quibus
1489 2597 1646 2656 oblectare
1657 2594 1813 2666 movendo
1826 2641 1836 2670 ,

154 2673 321 2758 Ingenium
335 2677 422 2736 reric
437 2674 512 2734 felix
528 2690 597 2752 qum
616 2671 745 2755 protulit
759 2691 835 2733 rere.
1014 2680 1103 2753 Queis
1116 2680 1146 2736 ri
1159 2675 1203 2736 nil
1213 2679 1297 2756 prius
1308 2687 1367 2753 est,
1377 2679 1463 2756 prins
1473 2687 1519 2738 est
1529 2678 1574 2738 nil
1585 2687 1651 2750 arte
1661 2679 1836 2754 mederum,

154 2763 201 2820 Sit
212 2759 378 2840 pulchrum
389 2759 503 2834 sentire
515 2759 602 2832 satis,
621 2757 758 2815 dicemus
773 2764 808 2814 ut
821 2774 887 2814 esse
898 2776 914 2830 ς,
982 2805 989 2838 ·.
1015 2762 1105 2835 Queis
1115 2758 1301 2836 blandaeque
1315 2762 1411 2837 magis
1424 2763 1493 2819 rivo
1507 2753 1792 2838 nitidaequeeelcre

157 2843 266 2902 Iadcle
278 2852 335 2900 nec
349 2837 446 2899 libeat
461 2835 825 2916 quidquam'ccnfingere
846 2839 880 2895 in
891 2829 979 2920 ejus,
1015 2843 1200 2916 Queruntur
1215 2841 1348 2920 species,
1365 2843 1470 2900 enimc
1481 2859 1533 2901 sen
1544 2842 1641 2901 divite
1656 2846 1778 2914 rerum,

157 2925 194 2982 Ni
210 2925 290 2983 ratic
307 2920 398 2981 simul
413 2929 444 2980 et
457 2920 534 2986 culti
548 2921 738 3000 experientia
751 2938 856 2979 sensus
1014 2923 1148 2983 Phoebec
1159 2923 1293 3001 percussi
1307 2932 1414 2997 austro,
1430 2923 1576 2983 miracula
1591 2933 1758 3002 premuntr

157 3007 318 3066 Evincant.
329 3005 416 3063 Recti
429 3003 519 3062 nobis
531 3002 600 3062 haec
615 3001 732 3062 scilieet
743 3021 804 3060 una
1014 3005 1136 3083 Addere
1146 3006 1209 3064 sire
1230 2998 1317 3086 jurat
1329 3024 1472 3064 venerem
1487 3004 1672 3086 pondusque
1685 3003 1815 3064 minutis
1828 3045 1840 3075 ,

158 3087 210 3148 Est
221 3089 271 3154 ria
279 3086 405 3165 judieii5
425 3105 487 3163 quu
501 3085 630 3144 tendens
645 3083 742 3142 multa
756 3079 901 3163 probahis
915 3125 924 3158 ,
1015 3087 1202 3146 hudendcre
1211 3107 1319 3164 graves
1332 3131 1341 3162 ,
1355 3087 1418 3148 sale
1432 3086 1482 3146 vel
1493 3087 1664 3167 plenosque
1680 3086 1784 3166 lepore
1802 3105 1814 3144 ι

159 3171 231 3244 Qua
244 3169 327 3228 docti
338 3187 486 3226 monuere
498 3168 560 3227 riri
573 3168 748 3244 mentisque
762 3163 897 3242 sagacis,
1015 3169 1124 3230 Nonne
1135 3169 1222 3230 rides
1232 3214 1243 3244 ,
1257 3161 1355 3229 fixum
1365 3178 1400 3230 ut
1412 3177 1538 3232 teneant
1549 3201 1557 3245 t
1570 3187 1773 3246 crescensque
1784 3187 1841 3222 vc.

159 3252 224 3332 Ipsi
240 3271 319 3326 non,
334 3249 486 3328 quodni,
503 3249 671 3327 quaerendo
686 3246 816 3326 pulchra
827 3251 980 3321 creantes,
1512 3310 1515 3316 ,
1695 3309 1708 3318 ..
1733 3242 1846 3331 luptas

160 3333 219 3404 Sed
232 3353 319 3392 veras
332 3351 437 3392 rerum
446 3329 571 3389 solertes
582 3330 711 3388 reddere
721 3327 858 3400 formai,
1015 3333 1229 3416 Utpulchrum
1247 3343 1381 3412 nequeat
1393 3351 1425 3392 sc
1439 3351 1470 3392 se
1482 3330 1802 3412 explevissetuenda,

74 3411 80 3430 ⁸
160 3411 261 3474 Itivite
276 3422 395 3472 naturai
406 3412 569 3490 cordisque
581 3413 749 3490 interprete
757 3409 861 3488 lingua
876 3453 888 3478 ,
1013 3417 1107 3478 Vivat
1118 3425 1152 3476 ut
1162 3461 1170 3492 ‚
1179 3419 1276 3494 inque
1287 3434 1340 3484 sua
1351 3416 1448 3474 niteat
1458 3435 1505 3474 res
1516 3429 1649 3493 qumque
1664 3415 1787 3485 figura?

159 3497 186 3556 N
190 3516 248 3557 nuc
260 3496 398 3556 animum
412 3494 511 3569 leniti,
523 3494 729 3571 grandinum}
744 3513 796 3552 01¹8
807 3493 973 3552 trahentes
986 3551 990 3559 ¹
1014 3499 1182 3558 AEneadum
1193 3499 1292 3576 qualis
1305 3499 1409 3579 magni
1421 3513 1475 3577 per
1489 3493 1603 3577 scripta
1618 3503 1717 3578 poolae

151 3578 348 3656 ,Querhprius
357 3567 411 3634 hic
423 3595 590 3652 memorem
600 3575 875 3652 Venusinc,gratia
888 3574 977 3652 cujus
1017 3582 1068 3638 Vis
1082 3581 1391 3659 narneriquerigent·
1403 3581 1578 3658 surgentes,
1595 3583 1731 3660 adspice,
1742 3580 1842 3657 signis

161 3661 200 3718 In
211 3659 305 3720 labris
317 3657 449 3738 residet,
464 3647 576 3716 fidibus
586 3657 730 3718 socianda
743 3657 874 3727 severis,
1020 3665 1185 3724 Carmmctae
1200 3671 1307 3722 rentes
1319 3671 1435 3721 naturae
1451 3672 1485 3720 ut
1500 3663 1623 3722 nuntiet
1637 3683 1703 3733 cre,

161 3740 349 3809 Seulflvibus
363 3741 485 3814 recinit,
495 3740 611 3814 satirae,
621 3737 873 3798 relutimmemcr
886 3735 978 3812 artis,
1019 3747 1234 3822 laetantesque
1246 3744 1358 3803 imbres
1368 3786 1378 3816 ,
1390 3745 1561 3822 trepidante
1571 3754 1607 3804 ut
1621 3743 1844 3808 inluuinecmlu

162 3819 222 3896 Sele
234 3822 483 3899 nectitnumeros
497 3864 505 3894 ,
520 3821 711 3901 salibus'siue
725 3809 938 3900 iellejceesisi
991 3875 995 3888 ‚
1021 3825 1165 3886 Mortales
1180 3825 1292 3903 humili
1304 3833 1420 3886 sternet
1437 3827 1602 3885 formidine
1616 3829 1742 3902 gentes;

163 3906 257 3982 eujus
271 3903 322 3961 eui
336 3917 429 3962 musae
441 3901 564 3982 penitus
575 3911 718 3982 percepta
730 3902 890 3979 voluptas,
1022 3910 1084 3967 Aut
1099 3907 1201 3966 subito
1216 3908 1283 3968 dira
1297 3917 1332 3965 ut
1347 3907 1407 3966 lete
1419 3909 1770 3986 pecudesqueierasquc

161 3981 314 4063 Perpetua
326 4027 334 4055 ‚
347 3984 463 4056 mirer,
479 3985 512 4044 ni
523 3984 744 4064 complectatur
755 4002 859 4045 amore
987 3997 993 4043 ¹.
1023 3977 1175 4068 Corripiat
1186 3999 1350 4068 pascatque
1365 3990 1430 4048 lues
1442 4029 1450 4061 ,
1461 3991 1518 4050 sub
1529 4009 1653 4050 ramere
1669 3989 1778 4050 labens

161 4066 348 4129 Prudentem
360 4064 505 4128 hamanae
518 4067 589 4125 vitae
601 4082 787 4144 suavemque
798 4061 944 4124 sodalem.
1022 4071 1205 4130 Expromam
1218 4079 1362 4148 gematur
1371 4079 1496 4147 taurus,
1509 4071 1844 4154 mfflrensqueleplonus

163 4151 292 4232 Nempe,
304 4147 379 4206 hinc
390 4148 529 4208 dimissis
538 4145 602 4228 jam
612 4167 696 4208 nunc
706 4146 886 4224 ambagibus
896 4142 992 4218 illue,
1022 4152 1179 4233 disjungat
1193 4155 1321 4211 fratrem
1332 4149 1470 4214 fraterna
1483 4163 1583 4212 inerte
1597 4147 1764 4215 delentem}
1782 4149 1784 4156 ’

163 4234 228 4307 Quo
242 4228 342 4303 volui,
359 4227 481 4308 veniam
489 4274 498 4304 ,
512 4228 638 4309 pulchri
649 4249 711 4288 non
729 4231 841 4289 certius
851 4226 950 4286 ullum
1023 4236 1101 4309 Quid
1116 4235 1217 4314 Libyes
1232 4237 1388 4293 immensis
1398 4245 1539 4300 armenta
1550 4237 1693 4313 vagantia
1705 4236 1842 4313 carnpis3

162 4315 226 4374 1100
235 4309 464 4392 iliwissllisslum
475 4311 541 4370 veri
550 4322 617 4392 θβῑὸ
632 4332 711 4384 Ωθ-θ,
725 4311 834 4380 ludere
847 4307 950 4367 verblS
1022 4320 1083 4376 Aut
1095 4317 1226 4396 Scythice
1241 4316 1338 4394 glacie
1350 4318 1536 4396 nivibusque
1549 4319 1698 4380 informia
1711 4327 1821 4397 tesqua
1832 4325 1851 4396 ,¹

161 4396 199 4469 Nl
213 4403 347 4462 melfiam
356 4393 493 4472 ,proprie
503 4392 622 4472 Flami
634 4395 711 4454 mihi
724 4393 855 4474 Pulchra
865 4388 990 4465 VOflarla
1021 4398 1059 4458 Et
1070 4399 1171 4457 densis
1183 4399 1299 4457 umbris
1314 4399 1383 4458 coeli
1398 4398 1541 4478 pallentis
1552 4393 1675 4477 image,
1747 4397 1750 4402 ’

162 4475 222 4538 s'ed
231 4475 348 4536 bellurn
358 4475 472 4554 potius,
485 4474 554 4554 ¹rel,
569 4476 676 4553 siquis
695 4475 794 4548 malit,
804 4490 978 4546 amoenum,
1022 4480 1213 4558 Sulcptaeque
1223 4482 1303 4554 rotis
1313 4481 1421 4557 undae,
1435 4490 1579 4560 terraque
1589 4480 1718 4542 subalta

160 4557 368 4619 duillllldssffl
378 4556 493 4638 difflffir,
501 4557 594 4616 ¹1¹⁰ll⁰
605 4567 659 4618 ³¹¹2
675 4558 813 4630 ,dlfflmvfl
825 4555 957 4613 facsslfflss
972 4587 980 4624 r
1022 4563 1101 4622 Gens
1113 4565 1232 4639 agitans
1243 4561 1356 4620 hilares
1367 4562 1454 4623 acida
1465 4563 1662 4642 interpeeula
1672 4555 1801 4622 nectes?

163 4643 235 4726 Quae
258 4639 352 4699 semel
370 4647 464 4716 atque
484 4640 600 4698 iterum
622 4649 776 4718 spectesre
798 4639 919 4716 legasse
942 4631 982 4692 li-
1022 4643 1227 4718 Quidtenerae
1242 4643 1346 4704 dulces
1359 4643 1506 4721 ilammre,
1524 4649 1705 4722 miseraeque
1718 4644 1846 4704 furores

280 4773 282 4776 .
369 4795 373 4804 ¹
518 4789 522 4799 1
842 4720 980 4800 beuter,
1021 4725 1379 4804 Didonis,structusque
1393 4747 1494 4804 regns,
1509 4736 1725 4806 postremaque
1736 4727 1848 4804 verbu,

161 4793 577 4895 Posteateilnequeantvalde
590 4803 720 4882 repetita
732 4801 863 4880 placere.
1020 4807 1138 4886 Terque
1149 4817 1217 4868 tere
1229 4827 1260 4866 se
1274 4828 1305 4874 re
1321 4809 1466 4875 transfixo
1479 4819 1603 4889 pectore
1613 4808 1744 4882 rodens,

161 4882 211 4941 Nil
223 4883 281 4944 rita
291 4900 333 4940 src
347 4891 437 4959 eutius
453 4890 563 4942 natura
574 4884 705 4952 ,suadeat
720 4884 785 4962 ipsa
793 4909 801 4959 5
861 4917 863 4924 ι
1021 4889 1226 4968 Errantesque
1239 4889 1323 4950 oculi
1337 4901 1509 4969 quaerentes
1523 4889 1781 4965 etherelucemi

158 4964 333 5046 Innumeris
347 4964 472 5052 ,remens
484 4971 634 5024 eternum
650 4965 781 5044 pulchra
797 4967 922 5044 figuris,
1017 4971 1187 5044 Multarum
1195 4967 1342 5040 atterum
1355 5013 1365 5048 ,Ι
1382 4982 1535 5048 cerne,ut
1546 4993 1731 5054 persumme
1745 4976 1847 5039 eitute

157 5051 243 5130 Quae,
254 5045 461 5142 quodeunque
472 5065 565 5128 manu
576 5050 686 5110 struxit
703 5049 832 5112 finxitre
840 5059 986 5140 petente,
1019 5053 1152 5116 incedat
1167 5073 1268 5138 passu,
1281 5055 1403 5146 Trcjnni
1419 5055 1604 5138 utplurima
1615 5055 1692 5120 belli
1735 5113 1738 5118 .
