3878 5718
183 396 270 463 Pides
281 401 401 463 amabat
414 403 532 467 somnia
548 425 556 466 a
573 408 686 474 veritas

224 483 295 544 Tam
309 486 456 564 pulchra,
468 495 531 547 tam
547 489 652 550 divina
664 489 820 568 quondam
832 539 840 570 ,

266 564 336 628 Heu
352 607 360 641 ,
374 569 476 648 rapuit
486 568 566 631 male
577 571 654 633 dura
665 573 823 652 praedaml

187 708 226 774 'lit
238 733 373 776 marmor
387 717 497 780 ardens
510 721 687 802 Pygmalion
698 730 829 804 premit,

187 797 339 876 Oratque,
358 820 463 860 sensus
477 803 550 861 dum
565 804 674 882 lapidis
685 827 780 884 genas

227 877 348 948 Flagrat
363 903 418 959 per
431 884 567 959 algentes
580 887 702 946 refusus
712 935 723 962 ‚

269 963 317 1020 Sic
331 983 387 1040 ego
400 983 521 1038 amans,
533 967 703 1047 calidaeque
716 978 803 1032 vates

185 1105 287 1177 Laetus
294 1113 432 1191 juventas
444 1158 452 1186 ‚
466 1125 592 1196 pectore
604 1119 661 1178 sub
675 1141 745 1182 meo

185 1187 306 1271 spirare
317 1197 414 1256 donec
429 1198 549 1258 fervida
561 1221 709 1280 coeperas‚

226 1271 358 1350 Natura,
373 1287 403 1338 te
418 1279 556 1339 strictam
572 1283 728 1354 tenebam,

268 1358 469 1438 Comparibus
481 1361 638 1430 stimulata
647 1363 780 1424 flammis
789 1409 801 1439 ‚

185 1512 288 1576 Donec
298 1514 453 1596 loquelam
469 1529 618 1602 mutaque
630 1524 760 1587 reddere
765 1573 776 1605 ,

186 1599 372 1678 Gaudesque
383 1601 483 1662 libans
498 1607 598 1664 oscula
610 1617 718 1668 mutuo

225 1684 338 1741 Amore
352 1728 359 1755 ‚
373 1687 559 1764 cognatique
575 1695 667 1746 testes

266 1762 360 1824 Nosse
373 1785 456 1824 meas
470 1769 567 1827 animi
579 1769 732 1847 querelas.

186 1904 271 1967 Tunc
283 1908 361 1969 vixit
376 1909 479 1984 arbor,
495 1920 571 1973 tunc
584 1933 662 1989 rosa,
674 1917 774 1979 vitreo

185 1987 269 2050 Tunc
282 2011 351 2050 rore
362 1993 468 2053 labens
481 1991 552 2054 lons
567 1999 680 2056 cecinit
691 2019 700 2058 ς
713 2019 818 2064 meum
829 2045 842 2083 ,

228 2069 275 2130 Nil
291 2075 334 2131 sic
348 2074 485 2152 rigebat,
500 2079 576 2154 quin
591 2079 740 2140 adhalans

270 2155 308 2212 Os
319 2157 454 2215 animam
469 2159 652 2238 dederitque
663 2181 796 2223 sensum.

184 2293 323 2374 ¹Angusta
338 2297 467 2358 tendens
482 2299 574 2358 corda
587 2347 597 2372 ,
608 2301 754 2363 volubilis

187 2377 239 2438 Vis
252 2379 385 2438 universi
399 2401 447 2438 me
460 2380 546 2439 haud
559 2384 727 2460 superabili

229 2454 360 2532 llrgebat
373 2470 447 2520 estu
458 2463 576 2520 intrare
587 2463 697 2538 factis,

269 2538 371 2615 Voce,
384 2562 458 2602 sono
472 2547 637 2625 specieque
646 2547 754 2608 vitam.
858 2603 863 2608 .

185 2689 283 2764 Quam
294 2707 404 2769 magna
417 2737 424 2765 ‚
439 2689 539 2753 donec
554 2695 716 2768 conditur,
728 2697 814 2761 illius

184 2767 296 2848 Figura
308 2772 434 2833 mundi!
450 2775 497 2834 Ab
515 2817 523 2848 ‚
539 2778 654 2836 cortice
668 2780 806 2858 prodidit

226 2853 323 2928 Quam
337 2875 433 2932 pauca
448 2867 551 2936 rupto,
567 2879 659 2938 quam
674 2863 793 2926 asinula
806 2865 875 2930 haeo

268 2931 424 3015 Explicuit
434 2942 597 3018 tenuisque
612 2961 707 3022 pauca
720 2947 728 3006 l

126 3132 129 3144 Κ
183 3071 701 3166 Virtutefidenspraepete,somnii

183 3153 296 3223 Errare
309 3166 383 3224 felix
398 3179 430 3225 ut
445 3167 565 3250 juvenis
582 3176 629 3230 sui

224 3242 304 3312 ‚Vitat
314 3247 471 3308 serebatur
486 3273 542 3310 nec
556 3253 619 3311 ulla

266 3325 304 3389 lu
319 3330 451 3388 stadium
463 3333 627 3394 cohibente
637 3353 710 3395 curs
723 3335 731 3396 l

89 3493 90 3498 ¹
185 3461 356 3532 blensfoeta
370 3469 477 3552 coeptis
488 3483 522 3532 ut
539 3471 610 3532 tulit
625 3475 751 3538 ultimos

184 3545 233 3612 dd
248 3567 346 3634 usque
357 3555 462 3634 templi
480 3557 588 3614 siderei
601 3557 727 3634 globus!

225 3629 363 3692 sublime
376 3636 419 3695 nil
432 3682 441 3708 ,
455 3637 499 3696 nil
512 3640 554 3695 sie
568 3649 718 3699 resrroturn
732 3681 741 3712 ,

269 3713 334 3790 Quo
350 3727 467 3778 metuat
477 3730 639 3800 penetrare
651 3742 764 3802 penna·

185 3861 276 3930 tara
288 3859 435 3932 lotebant
448 3876 483 3930 ut
497 3869 626 3952 placidae
639 3868 759 3938 leveml

186 3943 301 4012 ilerum
311 3950 402 4011 beate
416 3955 490 4030 quid
502 3954 563 4014 tuit
573 3957 704 4017 arduum
715 3959 731 4016 'l

224 4025 304 4100 ,Vites
316 4031 492 4112 strepebant
504 4047 575 4095 ante
586 4059 710 4096 currum

271 4109 307 4175 Ut
320 4114 439 4174 volucri
457 4119 705 4180 coruitesohcrea
722 4119 730 4182 t

185 4261 342 4344 Amorque
351 4261 433 4326 dulci
444 4265 585 4346 praemio,
600 4277 631 4329 et
641 4273 743 4332 aureis

185 4334 319 4408 Fortuna
332 4351 419 4410 sertis
430 4395 437 4421 ,
448 4351 592 4430 famaque
603 4355 753 4418 verticem

225 4422 368 4490 Flammis
382 4447 532 4490 coronans
543 4479 550 4508 ,
562 4437 738 4516 veritasque

269 4511 347 4575 Solis
358 4522 394 4575 ut
407 4533 460 4572 ore
470 4515 595 4574 vibrans
607 4519 752 4582 nitorem·

185 4657 262 4744 Pro,
276 4677 366 4754 turpe
376 4668 475 4735 lusam
486 4713 495 4748 ‚
506 4695 576 4736 mox
590 4674 689 4738 media
704 4673 816 4744 cohors

76 4811 78 4815 .
185 4745 286 4814 Iulida
298 4759 391 4834 eoepit
405 4757 546 4839 linquere
558 4779 607 4818 rue
621 4761 688 4833 via,

230 4833 396 4915 Omnisque
406 4841 555 4917 paulatim
568 4841 705 4920 stupenti

269 4918 365 4996 terga
386 4917 492 4983 dedit!
507 4921 626 4982 Celeres
636 4932 822 5006 retrorsum,

184 5023 321 5118 Portuno
329 5099 340 5133 ,
354 5058 485 5138 primam
498 5061 672 5126 tetulerunt
683 5062 795 5148 pedesp

1005 311 1047 374 oe

1043 421 1159 484 Paeana
1170 415 1286 476 sciendi
1299 415 1342 476 nil
1354 418 1454 478 tenuit
1466 413 1548 480 sitim
1559 464 1569 494 2

1082 501 1237 578 Nigraque
1250 499 1333 556 sidus
1343 501 1480 560 veritatis

1124 581 1187 640 Sub
1198 581 1283 640 dubii
1296 578 1386 640 latuit
1399 579 1552 661 procelle3

1044 735 1141 796 Sacrae
1155 733 1295 794 videbam
1309 733 1382 793 vilia
1394 735 1519 812 cingere

1043 817 1186 878 Frontem
1201 815 1361 894 profanam
1375 835 1500 876 munera
1516 815 1645 892 glorioe3

1085 899 1157 972 Ilei,
1172 897 1300 976 pulchra
1317 915 1410 974 quam
1425 897 1528 971 velox,
1544 901 1658 964 amoris

1124 979 1194 1038 Post
1209 979 1302 1038 breve
1316 999 1389 1050 ver,
1403 978 1543 1057 fugiebat
1555 981 1649 1042 aetasl

1043 1111 1221 1192 Fragorque
1234 1113 1314 1174 clivo
1325 1122 1455 1174 cesserat
1464 1131 1571 1192 aspero
1584 1155 1593 1187 ‚

1043 1197 1079 1256 Et
1093 1199 1254 1257 vastiorem
1267 1195 1401 1256 vidimus
1416 1196 1516 1254 indies
1530 1217 1538 1255 s

1082 1276 1397 1340 Pallentevixcallem
1410 1297 1464 1355 per
1478 1287 1582 1340 atrum

1124 1364 1198 1440 Spes
1211 1361 1298 1420 radio
1310 1378 1456 1438 superans
1465 1358 1601 1419 refulsit.

1043 1526 1244 1587 Tumultuoso
1258 1545 1342 1586 nunc
1356 1525 1503 1586 comitum
1524 1542 1618 1602 grege

1044 1611 1116 1684 Quis
1129 1609 1276 1687 dissipato
1288 1607 1399 1666 mansit
1410 1625 1516 1669 amans
1529 1605 1609 1664 mihi
1622 1599 1637 1664 i

1086 1689 1205 1751 Solator
1219 1690 1257 1750 ed
1269 1689 1394 1750 furvum
1407 1688 1477 1765 quis
1487 1706 1584 1765 usque

1128 1773 1228 1832 llaeret
1247 1772 1350 1830 adhuc
1362 1771 1494 1830 sociatus
1506 1769 1637 1828 oreum't

1043 1918 1108 1987 Tu,
1122 1922 1232 1976 cuncta
1248 1931 1357 1974 sanans
1368 1909 1495 1970 vulnera
1506 1951 1516 1981 ,
1528 1908 1643 1968 blanda
1654 1916 1690 1967 tu

1043 2000 1194 2076 lenisque
1203 1995 1295 2055 amici
1306 1993 1431 2052 dextera
1438 2039 1448 2067 ‚
1463 1991 1554 2050 dulce
1566 1993 1618 2056 cui

1084 2080 1201 2142 Partire
1211 2096 1319 2150 curas,
1335 2082 1388 2143 tu,
1402 2083 1521 2153 reperta

1128 2161 1199 2238 Quae
1211 2168 1333 2220 teneros
1342 2155 1433 2218 asido
1443 2175 1498 2236 per
1508 2172 1616 2215 annos.

1046 2339 1175 2398 iunctus
1188 2329 1284 2389 sorori
1295 2373 1304 2405 ,
1318 2335 1415 2405 tuque
1428 2345 1533 2386 manes
1544 2321 1653 2418 ,labos
1661 2369 1671 2399 ,

1046 2419 1083 2482 lit
1094 2415 1165 2488 illa,
1180 2411 1305 2491 placans
1320 2408 1441 2488 turgida
1453 2407 1562 2475 eorda,
1579 2425 1654 2484 qur,

1088 2503 1183 2562 Lente
1194 2513 1320 2569 creans,
1341 2511 1398 2550 nec
1411 2489 1507 2549 lassus
1521 2505 1680 2566 anquam,

1120 2578 1241 2638 Structo
1253 2575 1342 2634 times
1356 2571 1500 2644 abolere,
1519 2570 1625 2649 granis

1044 2740 1260 2800 AEternitatum
1278 2732 1401 2796 sedulus
1413 2732 1452 2792 ad
1465 2732 1591 2792 domum

1045 2825 1099 2899 Qui
1113 2841 1207 2896 grana
1219 2817 1333 2894 gaudes
1346 2817 1476 2882 addere,
1489 2810 1623 2894 tempori

1085 2905 1194 2976 lloras,
1213 2901 1277 2960 dies
1289 2917 1447 2980 causisque
1458 2897 1578 2955 solvens
1592 2931 1601 2964 ,

1124 2982 1246 3048 Grande
1258 2999 1374 3040 mernor
1385 2980 1531 3042 minuisse
1542 2990 1668 3040 nomeu·

1346 3165 1509 3190 Μ

1045 3298 1219 3368 ALTERAM
1230 3297 1295 3374 Qlll
1307 3287 1523 3367 caussatus,
1536 3282 1712 3352 statutus
1720 3273 1864 3345 cutibus

1300 3379 1348 3438 ΝΕ
1369 3375 1424 3439 SIT
1446 3373 1609 3436 SORORIS.

1203 3553 1366 3638 (Schilleri
1385 3559 1434 3616 die
1449 3554 1651 3638 gResignotia'n
1672 3551 1697 3632 ).

1047 3747 1086 3814 Et
1100 3775 1158 3833 ego
1170 3753 1292 3834 genitus
1302 3756 1336 3814 in
1350 3751 1501 3815 Arcadum
1516 3749 1563 3810 tui
1577 3747 1666 3828 plaga
1685 3765 1698 3844 a
1717 3829 1725 3843 1

1091 3839 1127 3898 Et
1142 3839 1219 3896 mihi
1243 3837 1380 3900 laetitiam
1395 3843 1505 3893 natura
1521 3833 1607 3892 cunis
1621 3830 1741 3889 adstitit

1048 3917 1176 3993 Jurans;
1192 3929 1222 3979 et
1244 3940 1301 4000 ego
1313 3918 1436 3996 genitus
1449 3917 1482 3974 in
1497 3913 1648 3974 Arcadum
1663 3910 1773 3992 plaga3

1091 4003 1148 4062 Sed
1161 3994 1552 4078 breseserlacrymassulas
1561 3995 1659 4054 dedit.
1669 3991 1749 4054 Vitae
1763 3986 1853 4050 semel

1045 4081 1140 4160 lla-ius
1150 4086 1275 4143 virescit
1285 4130 1297 4158 ,
1311 4099 1368 4140 neo
1383 4079 1549 4139 revertitur
1562 4097 1569 4135 s
1583 4075 1664 4135 mihi

1087 4165 1154 4229 Flos
1164 4167 1287 4229 cecidit.
1301 4162 1442 4224 Placidus
1457 4179 1514 4236 ,en
1530 4159 1679 4238 ‚genius¹
1695 4173 1733 4234 o,
1753 4152 1861 4246 fratres
1928 4243 1929 4324 1

1783 4255 1843 4294 mer
1854 4271 1862 4303 ,

1045 4325 1160 4404 lugete
1175 4329 1182 4386 t
1196 4326 1353 4406 placidus,
1378 4343 1438 4396 en,
1460 4339 1560 4383 meam
1582 4319 1691 4400 genius
1704 4314 1807 4414 lacem

1086 4410 1255 4486 Deprimit,
1270 4411 1365 4486 inque
1375 4403 1456 4465 nihil
1470 4423 1623 4463 evanuere
1640 4419 1771 4462 somnia.

994 4545 996 4552 r
1047 4486 1248 4554 Tenebricoso
1258 4493 1386 4568 jamque
1400 4494 1495 4570 ponte
1504 4529 1516 4563 ,
1526 4485 1704 4556 aeternitas,

1089 4573 1156 4641 En,
1174 4580 1220 4630 sto
1231 4617 1239 4647 ,
1257 4571 1436 4644 tremenda,
1461 4576 1525 4626 tuo.
1540 4565 1705 4625 Felicitatis
1728 4564 1849 4642 accipe,
1928 4567 1929 4638 ζ

1046 4653 1187 4716 Nondum
1197 4654 1386 4732 vresignatam
1402 4649 1504 4710 relcro
1516 4648 1593 4718 tibi,
1607 4645 1824 4728 syngrapham.
1928 4679 1929 4686 κ

1087 4735 1161 4792 Nam
1173 4735 1248 4792 mihi
1262 4754 1322 4794 non
1334 4733 1435 4799 licuit,
1447 4729 1523 4809 quid
1533 4732 1572 4787 sit
1584 4730 1708 4787 beatum
1714 4748 1860 4804 ,noscero

1047 4815 1150 4875 Velata
1166 4811 1262 4898 judex
1277 4861 1284 4890 ‚
1297 4823 1369 4876 ante
1393 4812 1503 4874 solium
1527 4830 1595 4870 msa
1616 4819 1703 4902 suaet

1087 4899 1171 4957 iusta
1188 4897 1312 4976 querela
1330 4897 1427 4956 tuum!
1449 4892 1508 4953 Hic
1519 4902 1549 4951 te
1560 4912 1663 4951 severa
1675 4893 1825 4972 pudloem,

1048 4975 1140 5044 Illum
1155 4981 1278 5060 vigebat
1300 4978 1369 5040 laeta
1388 4975 1471 5039 lama
1494 4995 1550 5056 per
1562 4972 1703 5054 globum,

1091 5058 1189 5126 Lance
1204 5062 1309 5125 sedere
1324 5099 1333 5138 ,
1359 5059 1404 5146 pii
1418 5067 1449 5121 et
1462 5056 1602 5146 justique
1616 5055 1678 5120 dici
1697 5053 1860 5122 vindicem.
1928 5117 1929 5154 3
