3874 5726
968 315 1010 360 Π

144 399 514 479 aaranun,1’01inanuru
527 442 536 474 ‚
548 396 964 474 ioannembecnndumssar·
999 415 1079 468 teres
1094 423 1156 462 non
1179 399 1396 482 spernentibus
1410 421 1449 461 ne
1468 399 1605 478 speciosa
1628 391 1755 479 quidem
1769 421 1825 461 su-

146 484 306 556 bierium,
328 481 504 556 alios,non
526 491 683 542 ruaaetate
706 481 883 557 modo,sed
908 483 964 543 diu
998 496 1097 570 perat.
1133 483 1212 560 Quid
1239 484 1322 542 enirn
1346 483 1559 563 relinquitur,
1588 482 1649 542 nisi
1679 493 1715 544 nt
1746 499 1825 544 oon·

169 576 215 625 ost
228 575 359 626 mortem
373 568 415 625 ita
428 565 578 646 placuisse
588 563 800 643 ,utpluribus
818 563 965 624 editioni·
999 569 1155 642 tendant,
1185 566 1269 626 alind
1302 585 1395 644 quam
1420 565 1521 647 patrio
1553 585 1694 625 sermone
1724 563 1826 626 latine

145 588 205 709 iias
227 669 333 708 eornm
349 654 501 727 opera,et
528 647 749 707 nonnullorum
774 646 863 706 brevi
886 657 964 706 tem·
999 649 1300 718 scribenti'bus,sire
1315 649 1418 728 potius
1440 646 1562 708 nullum
1582 647 1632 706 his
1656 649 1821 726 ingenium

146 733 230 812 poris
254 731 353 811 spatio
367 740 412 788 tot
426 730 650 806 vulgarentur,
665 738 741 809 quat
755 749 839 787 nunc
850 729 902 790 vix
917 730 964 788 ul·
999 737 1127 812 vimque
1141 735 1293 812 poeticam
1311 733 1400 792 esso?
1421 731 1478 790 Sed
1490 730 1566 806 illa,
1586 739 1621 789 ut
1643 741 1716 790 anto
1736 731 1824 805 dixi,

145 813 207 872 lius
223 816 321 892 patria
335 812 441 890 lingna
465 812 540 872 clari
550 821 663 890 poetae;
682 813 823 889 quamvis
834 831 963 872 consen⁴
998 817 1161 878 manifesta
1174 813 1305 873 insania.
1325 813 1392 872 llaec
1402 815 1440 872 de
1454 814 1664 874 recentiorum
1679 813 1829 872 dictionis

145 905 272 955 laneum
300 897 346 954 rei
373 895 495 972 fuerit,
531 895 582 954 vel
607 893 757 953 mediocri
784 895 964 953 recentioris
1000 904 1243 972 m0r103restut,
1266 903 1299 953 nt
1314 896 1353 955 dc
1373 895 1529 955 veteribus
1546 895 1828 972 videamustquos

145 977 264 1056 lingum
278 979 410 1058 poemati
426 976 518 1037 citius
531 976 644 1050 denos,
670 997 764 1053 qrsam
783 976 942 1038 neolatino
953 1023 962 1055 ,
1000 982 1148 1063 qnoniam
1173 977 1341 1038 absurdum
1366 998 1507 1040 sermone
1532 986 1670 1038 mortuos
1693 977 1825 1054 dicere,

147 1060 346 1140 quantumvis
360 1059 510 1138 pulchro,
526 1057 662 1136 singulos
673 1058 804 1118 lectores
817 1058 965 1119 inveniri:
1003 1067 1144 1143 sequitur
1153 1107 1162 1136 ‚
1182 1057 1344 1131 atrebas,
1366 1069 1400 1120 ut
1415 1070 1597 1139 argumento
1610 1106 1620 1138 ‚
1644 1068 1711 1120 arte
1725 1069 1756 1120 et
1773 1062 1830 1120 in.

146 1141 346 1218 credibilene,
357 1145 495 1220 inquam,
505 1135 566 1201 hoc
579 1141 723 1202 videatur
733 1188 744 1214 ,
760 1142 784 1200 si
799 1139 862 1199 illis
873 1143 964 1222 scrip·
1003 1148 1095 1228 genio
1106 1143 1189 1204 inter
1204 1142 1367 1203 defunctas
1382 1154 1596 1206 numerentur.

143 1226 265 1286 toribus
288 1245 361 1284 vere
385 1227 435 1294 id,
458 1225 525 1284 sine
552 1244 615 1302 quo
640 1224 724 1283 nulla
744 1232 884 1303 poemata
907 1244 965 1285 nec
1044 1227 1097 1288 32.
1115 1226 1193 1301 Quid
1213 1223 1310 1300 igitur
1325 1224 1385 1284 sibi
1405 1225 1516 1287 volunt
1530 1227 1624 1286 hodie
1641 1231 1761 1286 vetusta
1777 1223 1831 1284 in·

148 1308 240 1370 valde
260 1305 378 1387 diuque
398 1305 584 1390 placuerunt
597 1350 604 1379 ‚
619 1326 678 1366 nec
702 1326 841 1384 unquam
862 1307 967 1384 place·
1004 1313 1089 1388 genii
1100 1307 1229 1368 hnmani
1253 1317 1452 1367 monumenta
1473 1318 1507 1369 ut
1530 1317 1650 1378 mortua
1665 1307 1833 1366 fastidien-

145 1391 226 1450 bnat
239 1433 247 1464 ,
261 1392 285 1449 si
301 1391 429 1470 poeticae
444 1390 589 1450 dictionis
604 1391 650 1447 vis
663 1387 727 1446 illis
741 1434 750 1463 ,
775 1389 800 1446 si
812 1389 901 1469 copia
917 1389 968 1446 ni·
1005 1395 1075 1455 tes?
1089 1392 1220 1470 Nempe,
1237 1411 1276 1449 ne
1290 1391 1418 1450 onrnino
1434 1391 1533 1468 nihil,
1553 1392 1631 1462 hirc,
1649 1390 1778 1469 opinor,
1804 1391 1832 1448 si

147 1483 259 1551 torque
271 1469 613 1551 veredesit?Fquidem
625 1471 783 1540 existimo,
796 1491 858 1528 non
871 1471 969 1548 magis
1006 1496 1070 1536 non
1096 1473 1234 1552 liquide,
1261 1480 1346 1532 certe
1368 1473 1497 1533 corriuse
1515 1473 1611 1534 nieuti
1637 1473 1805 1531 obversans
1820 1518 1835 1548 ,

143 1555 267 1636 placere
281 1554 352 1613 illos
367 1557 519 1635 potuisse,
536 1573 629 1634 quam
654 1552 749 1612 hodio
763 1552 888 1632 placent
903 1555 969 1634 pri·
1005 1555 1134 1631 volunt,
1152 1564 1289 1616 velerum
1303 1555 1414 1634 scripta
1429 1563 1679 1636 ,utpoteremnta
1692 1555 1835 1614 aboetato

146 1637 538 1699 suariisdictionisdotibns
548 1642 697 1695 carentes.
709 1635 872 1694 Enimvero
884 1682 896 1709 ,
909 1655 967 1709 aa,
1006 1650 1110 1700 nostra
1124 1686 1135 1712 ,
1150 1647 1181 1698 et
1192 1659 1208 1697 a
1219 1638 1355 1702 minibus
1370 1637 1470 1697 aliena
1484 1685 1492 1715 ,
1511 1649 1543 1698 ut
1571 1639 1665 1698 verbo
1681 1637 1807 1695 dicatur
1821 1683 1833 1710 ,

144 1718 968 1800 quodnnumsententiaenostraeadversantibus,modo
1007 1723 1097 1802 quasi
1123 1720 1259 1780 alienum
1283 1741 1299 1778 a
1325 1728 1429 1780 nostro
1450 1723 1600 1780 mundum
1624 1719 1835 1796 exhibentia,

146 1811 350 1864 memoratum
358 1849 368 1875 ,
380 1801 582 1879 relinquitur,
596 1821 635 1858 an
650 1798 717 1858 sani
730 1799 883 1873 dicemus,
897 1800 968 1860 illo·
1006 1825 1062 1865 nos
1083 1805 1150 1884 ipso
1164 1811 1347 1881 argumento
1358 1805 1460 1865 minus
1477 1825 1618 1873 movere,
1635 1823 1729 1882 qnam
1758 1821 1833 1880 qum

144 1907 216 1946 rum
241 1895 400 1966 poetarum
423 1885 556 1963 aequales
576 1891 607 1941 et
628 1890 765 1961 posteros
780 1883 872 1942 etiarn
895 1903 969 1944 rere
1006 1889 1121 1946 nostris
1146 1885 1337 1966 temporibus
1361 1886 1503 1968 morique
1523 1887 1665 1967 propiora
1685 1893 1738 1943 ent
1753 1903 1837 1963 prae-

144 1971 255 2030 tamin
269 1966 536 2026 litterisbarbaros
551 2009 559 2037 ‚
574 1975 636 2026 tam
649 1963 837 2024 abhorrente
851 1985 867 2023 a
879 1968 984 2026 sensu*
1006 1971 1123 2042 sentia,
1144 1968 1200 2026 sub
1223 1967 1320 2027 oculis
1349 1969 1464 2028 nostris
1488 1967 1597 2048 posita.
1622 1967 1693 2028 Haec
1722 1967 1836 2046 itaque

144 2050 270 2131 pulchri
283 2059 390 2110 natura
415 2048 511 2108 faisse
526 2095 534 2124 ,
547 2057 583 2106 ut
595 2050 705 2105 merito
720 2048 782 2104 sint
796 2067 880 2105 nnnc
893 2067 966 2106 ron·
1004 2050 1203 2130 antiquitatis
1225 2049 1424 2129 reprehensio
1439 2095 1452 2123 ,
1472 2071 1533 2128 quo
1548 2052 1651 2112 verior
1665 2059 1709 2108 est
1721 2095 1730 2125 ,
1743 2047 1767 2106 si
1783 2049 1837 2107 al-

142 2133 319 2192 tomnendis
331 2131 494 2204 delectati?
506 2131 563 2189 Sed
575 2128 970 2210 carimveterosscriptores,
1006 2142 1104 2194 terant
1124 2142 1243 2212 partem
1266 2131 1457 2206 consideres,
1474 2153 1509 2192 eo
1527 2133 1700 2192 accuratius
1721 2133 1838 2190 viden-

143 2217 265 2276 Graecas
282 2213 550 2292 Latinosque,illa
569 2221 853 2291 aetasnequaquarn
876 2213 968 2288 igno-
1004 2217 1094 2291 dnm,
1121 2235 1214 2292 quam
1237 2215 1301 2274 aim
1322 2214 1436 2272 habeat
1458 2215 1496 2272 ad
1517 2224 1636 2276 veteres
1658 2213 1779 2273 litteras
1803 2226 1838 2274 et

145 2300 235 2360 rabat
247 2342 254 2372 ,
268 2301 331 2356 {¹¹10
347 2315 466 2356 summo
493 2296 595 2354 ⁸1¹¹le
614 2293 733 2351 witha*
748 2337 757 2364 ι
782 2313 836 2363 ῦῦ,
850 2292 875 2350 δῖ
890 2295 968 2372 quid
1002 2301 1109 2381 poesin
1120 2299 1185 2358 sivo
1195 2296 1384 2356 ‹lamnandas
1396 2297 1460 2354 sire
1471 2317 1533 2377 prm
1543 2297 1767 2357 recentioribus
1781 2297 1839 2356 de·

142 2377 332 2460 judicamus,
350 2399 455 2437 eorum
469 2375 967 2458 prmstantiammeliusaliquanto
1005 2381 1196 2462 primendas.
1209 2378 1326 2458 Duplex
1347 2381 1475 2438 ourrsino
1497 2389 1541 2438 est
1563 2379 1704 2460 operibus
1727 2381 1838 2440 animo

142 2473 210 2524 tum
235 2464 320 2522 ducti
345 2460 540 2530 sentiebant,
568 2479 662 2536 quum
694 2467 799 2516 nostro
825 2457 967 2538 plerique
1004 2460 1374 2524 oblectandoautsalunr
1397 2473 1449 2519 aut
1477 2465 1630 2543 praecipue
1654 2465 1837 2540 compositis

144 2559 305 2628 tempore,
321 2542 425 2602 multis
447 2540 700 2620 modisimpediti
714 2586 722 2615 ,
735 2541 825 2598 nerle
841 2540 969 2600 neolati-
1006 2549 1123 2622 virtus,
1146 2543 1244 2602 altera
1265 2545 1466 2624 argumenti,
1492 2545 1609 2616 altera,
1634 2553 1667 2603 nt
1685 2545 1838 2606 latissimo

144 2630 193 2688 nis
205 2629 324 2688 sincere
331 2627 491 2704 judicent,
505 2622 701 2684 multi'ctiam
714 2621 753 2680 de
767 2623 883 2698 ignotis
894 2645 967 2701 gar⁴
1004 2649 1095 2688 sensu
1111 2627 1269 2698 dicamus,
1295 2626 1498 2687 tractationis.
1519 2627 1573 2686 llla
1592 2629 1625 2685 in
1645 2627 1837 2707 quibusdam

145 2714 270 2776 ricntcs.
295 2709 351 2768 Sed
375 2705 455 2767 illud
483 2711 604 2768 tantum
630 2714 805 2775 teneamus,
825 2713 966 2766 ¹osterum
1003 2710 1219 2792 poematibus,
1244 2727 1284 2766 ne
1309 2709 1347 2767 de
1365 2707 1425 2766 alin
1440 2709 1761 2790 genercloqnamur,
1788 2710 1834 2772 ita

141 2794 353 2874 praestantiam
368 2789 453 2850 illius
468 2791 528 2850 sevi
550 2789 675 2861 drictns,
699 2787 724 2845 si
746 2807 808 2845 non
831 2787 963 2868 melius,
1004 2794 1197 2872 requiritur,
1212 2801 1249 2850 ut
1261 2837 1269 2865 ,
1295 2793 1319 2848 si
1346 2791 1492 2870 deficiat,
1511 2796 1610 2850 orrrrris
1636 2795 1835 2854 tractationis

145 2869 968 2958 quamplernsquenostros,atcertesensisse.Itaque
1006 2896 1055 2935 ars
1080 2877 1193 2934 frustra
1221 2875 1270 2932 sit.
1299 2873 1378 2948 Quid
1399 2875 1674 2953 cninr'prniuerit,
1705 2876 1836 2954 egregie

145 2980 203 3018 uec
224 2956 414 3038 comparatio
437 2957 476 3014 iis
491 2953 718 3014 neolatinorom
740 2972 808 3011 curn
834 2953 967 3022 classicis
1003 2959 1125 3034 dicere,
1150 2975 1237 3034 qmc,
1256 2956 1333 3014 vitio
1360 2955 1453 3014 rebus
1481 2955 1673 3028 inhaerente,
1700 2967 1834 3022 tractata

145 3033 264 3115 defuit,
281 3061 339 3099 nec
364 3041 567 3098 exercitatum
586 3037 820 3114 formatumque
846 3040 967 3098 cainriis
1003 3042 1153 3100 nitescere
1166 3041 1340 3117 nequeant?
1357 3037 1468 3096 Contra
1481 3039 1580 3098 inalin
1591 3061 1705 3116 genere
1718 3043 1833 3120 exigua

142 3123 368 3204 exemplaribus
384 3120 537 3204 judicium
553 3142 561 3192 ;
577 3123 679 3197 aeque
703 3118 796 3193 adeo,
813 3123 847 3178 nt
871 3120 966 3199 vulgo
1003 3123 1178 3202 argumenti
1188 3123 1234 3180 sis
1248 3129 1305 3192 cst,
1316 3128 1350 3179 ut
1364 3141 1451 3202 paene
1467 3119 1582 3180 diceres
1596 3122 1685 3180 obvia
1698 3144 1836 3206 qrncqne

143 3208 286 3276 homines
298 3208 412 3286 optima
423 3203 706 3283 quteqnejudioant
718 3245 726 3274 ,
740 3203 828 3278 queis
839 3203 966 3265 meliora
1003 3207 1115 3266 idonea
1128 3253 1137 3280 ,
1157 3211 1187 3264 el
1205 3202 1393 3262 levissimam
1411 3224 1474 3262 esse
1488 3213 1586 3282 poetae
1603 3204 1724 3264 laudern
1740 3229 1834 3284 ,qum

142 3289 230 3366 baud
250 3309 381 3362 novere,
405 3290 448 3346 sio
469 3285 519 3346 illi
533 3285 741 3346 recentiorum
765 3297 904 3364 poemata
920 3285 966 3347 la·
1005 3289 1162 3370 placeant,
1176 3288 1334 3368 reperisse:
1349 3285 1411 3345 lloo
1422 3307 1495 3364 erpo
1509 3305 1607 3364 genus
1626 3309 1750 3347 ornnem
1771 3290 1832 3348 hn-

141 3377 227 3445 tiaa,
254 3376 377 3450 egregia
393 3369 480 3430 nulla
503 3369 675 3442 habentes,
695 3365 869 3447 probabant
876 3393 884 3444 3
906 3370 967 3430 nisi
1006 3392 1112 3432 norem
1129 3393 1144 3428 a
1159 3369 1314 3428 tractandi
1336 3378 1402 3427 arte
1414 3371 1529 3441 trabit,
1543 3389 1602 3428 nec
1614 3371 1678 3428 sine
1690 3391 1724 3432 ca
1741 3375 1836 3450 quid·

61 3513 64 3518 ,
143 3457 214 3534 quis
224 3465 346 3516 veteres
356 3455 435 3536 ipsos
445 3453 592 3512 barbaros
604 3459 635 3510 ct
648 3452 701 3511 six
713 3449 847 3510 lectione
858 3452 968 3530 dignos
1007 3474 1100 3532 quam
1115 3452 1275 3512 tolerabile
1289 3450 1421 3518 esisterc
1433 3461 1542 3530 potest.
1558 3446 1593 3524 ln
1612 3453 1715 3530 priore
1726 3465 1832 3515 autern

142 3540 219 3603 solil
229 3585 237 3615 ‚
252 3537 353 3616 qualis
369 3547 416 3598 est
437 3537 532 3595 hodie
556 3533 801 3606 nonnullorum,
819 3544 967 3614 stuporne
1008 3556 1122 3616 genere
1135 3536 1241 3594 eadem
1255 3555 1304 3593 ars
1319 3535 1420 3592 minus
1432 3533 1558 3612 quidem
1576 3538 1745 3603 successoria
1769 3548 1831 3608 est,

139 3623 241 3698 dicam
260 3621 392 3698 mentis,
407 3639 489 3681 anne
504 3619 607 3698 potius
622 3618 771 3676 oesthotioo
787 3617 936 3696 sapientia
951 3621 966 3680 P
1008 3629 1043 3680 ut
1055 3618 1218 3678 ferendam
1231 3636 1337 3696 poema
1350 3624 1381 3674 et
1404 3614 1561 3694 landabile
1575 3618 1668 3676 etiam
1683 3620 1832 3698 prodent,

141 3704 238 3782 Quid,
252 3703 335 3784 quod
344 3705 410 3783 jam
421 3713 489 3763 tum
501 3699 711 3760 recentiorum
726 3699 841 3776 linguis
855 3701 967 3762 eximia
1010 3711 1041 3762 ut
1060 3700 1237 3782 pericolum
1265 3707 1372 3778 tarraco
1393 3719 1456 3784 pon
1483 3699 1575 3776 dautur
1588 3742 1599 3782 ,b
1621 3699 1678 3778 nisi
1700 3711 1835 3784 utraque

140 3796 281 3868 poernalu
291 3807 371 3862 ,non
382 3785 466 3867 apud
482 3785 650 3844 Germanos
664 3781 807 3861 quidem,
821 3783 967 3862 sedopud
1008 3785 1124 3846 virtute
1143 3784 1354 3860 conspicuum.¹
1376 3779 1462 3845 Unde
1478 3791 1562 3842 recto
1582 3781 1728 3860 colligere
1745 3789 1830 3844 virle·

141 3864 967 3949 aliasEuropaegentesvulgata,nequeobeamrom
1009 3887 1101 3939 nrur,
1130 3867 1155 3924 si
1183 3883 1279 3955 panca
1311 3855 1528 3947 excipiantur,
1560 3865 1751 3946 tractationis
1772 3869 1836 3928 arti

132 3941 297 4016 'neolatina
315 3961 469 4012 contemto
481 3951 574 4010 sunt?
597 3947 681 4026 quod
693 3945 851 4025 Baldeum,
864 3969 969 4028 quam·
1010 3951 1125 4030 primas
1133 3957 1234 4028 partes
1246 3966 1310 4005 esse
1322 3948 1359 4022 ad
1373 3943 1505 4032 pulchra
1515 3945 1674 4006 efficienda
1691 3949 1837 4010 tribuen-

141 4039 189 4100 ais
212 4037 349 4094 dictione
377 4034 483 4093 multis
504 4031 704 4102 inferiorem,
731 4030 818 4089 Italis
843 4035 969 4110 quoque
1010 4033 1074 4092 das.
1091 4033 1131 4091 be
1145 4031 1398 4110 materiaporrc',
1413 4031 1437 4086 si
1451 4027 1530 4117 illud
1549 4037 1734 4106 spectamus,
1749 4035 1835 4112 quod

139 4117 292 4202 placuisse
306 4118 474 4200 accipimus
488 4137 496 4188 3
510 4097 732 4192 licelillisiam
745 4123 846 4172 essent
867 4118 968 4196 patrio
1010 4115 1049 4174 ad
1072 4124 1207 4196 nostram
1227 4114 1266 4170 de
1287 4113 1415 4193 antiqua
1442 4111 1526 4192 poesi
1546 4107 1747 4198 (quaestionem
1764 4137 1836 4192 per-

140 4221 281 4274 sermonc
293 4203 460 4278 composita
472 4216 564 4278 opera
576 4216 624 4267 en,
636 4214 704 4272 apum
717 4203 748 4255 et
761 4197 818 4278 ipsi
829 4205 861 4255 et
871 4196 968 4257 exteri
1011 4201 1108 4273 tinet,
1123 4195 1283 4274 multiplex
1296 4203 1326 4252 et
1345 4213 1441 4277 prope
1462 4193 1585 4264 infinita
1602 4205 1647 4253 est
1658 4197 1835 4275 distinctim

140 4289 233 4356 ctiam
252 4305 314 4365 pree
337 4282 407 4342 aliis
422 4282 580 4360 hodieque
593 4278 770 4338 rniranturi
786 4281 856 4339 llaec
875 4280 902 4338 si
915 4301 968 4355 re·
1010 4282 1063 4340 sed
1080 4279 1170 4339 nobis
1187 4280 1356 4357 quaeritur,
1368 4275 1415 4366 aq
1431 4270 1571 4351 mortua,
1592 4288 1768 4356 contemtus
1776 4281 1837 4342 soi-

136 4379 281 4448 putamus
296 4413 304 4441 ,
320 4385 423 4424 rsonae
435 4365 548 4443 sangari
570 4381 622 4421 eos
631 4359 801 4437 constabit,
817 4363 872 4440 qui
891 4383 968 4444 poe·
1008 4360 1083 4423 licet
1095 4381 1202 4430 causa,
1220 4351 1404 4440 adpellanda
1423 4359 1485 4424 sint
1495 4405 1504 4434 ,
1521 4377 1590 4442 quae
1612 4370 1838 4442 veteruurpce-

137 4462 185 4519 tas
223 4448 420 4524 neolatinos,
450 4457 482 4506 et
510 4444 681 4524 aequalium
712 4455 743 4503 et
770 4454 967 4524 posterorum
1008 4453 1111 4506 tarum
1132 4443 1566 4524 scriptiscoatinentur511sdc
1588 4441 1748 4528 igiturrscs
1769 4467 1836 4508 ιιοιι

135 4533 280 4606 itionibus
291 4533 380 4590 tritos
393 4573 401 4603 ,
413 4538 443 4590 ot
458 4549 528 4589 cum
540 4537 681 4588 veterum
692 4527 871 4606 praestantia
883 4547 966 4588 com·
1009 4529 1052 4588 ita
1064 4527 1189 4598 longam
1202 4525 1444 4604 disputationem
1461 4517 1591 4604 flagitat,
1604 4527 1621 4540 “'

135 4601 276 4698 paratos,
299 4624 402 4674 tamen
418 4615 525 4694 inepte
548 4609 712 4684 laudatos,
734 4619 765 4671 et
783 4609 966 4688 rollingum
1049 4609 1103 4668 33.
1129 4607 1228 4690 ane
1251 4604 1472 4686 argumentum
1494 4616 1549 4688 aut
1570 4629 1607 4686 eu
1632 4607 1836 4680 aliisnatnrae

133 4701 212 4762 vitio
225 4695 352 4757 nonnisi
364 4693 488 4774 pulchri
504 4713 595 4754 sensu
605 4691 784 4752 carentibus
795 4691 966 4773 placuisse,
1007 4693 1148 4772 partibas
1160 4698 1230 4766 ,aut
1244 4691 1331 4748 evita
1344 4689 1480 4748 hnmana
1496 4691 1629 4770 petitur:
1640 4693 1751 4770 prioris
1763 4715 1837 4773 par-

139 4779 289 4859 fingunt?
316 4779 413 4856 Atqui
431 4779 497 4839 haeo
520 4785 567 4837 est
593 4774 767 4856 piaecipua‚
790 4793 847 4836 our
869 4775 965 4854 vulgo
1008 4795 1080 4834 vum
1102 4783 1147 4832 est
1159 4774 1196 4831 ad
1209 4778 1391 4855 prpeseqtem
1406 4775 1608 4850 quaestionem
1621 4785 1837 4850 momentum,

133 4883 219 4928 nunc
233 4863 422 4921 damnentur
434 4905 442 4935 ,
453 4861 533 4922 ratio
547 4856 735 4930 ‚inanisilla
748 4859 893 4937 quidem,
911 4859 964 4918 sed
1007 4855 1186 4936 posterioris
1199 4855 1252 4912 hic
1266 4853 1418 4914 rationem
1430 4857 1671 4915 consideramus.
1682 4855 1762 4917 vnae
1776 4859 1839 4920 hu·'

129 4939 875 5030 juroebcornmadversariisinauxiliumvocats.
888 4939 963 5000 Nam
1007 4959 1105 4998 arrunte
1118 4939 1186 4996 drrae
1201 4946 1372 4995 cernuntur
1387 4949 1489 5013 partes
1505 4957 1565 4998 non
1581 4939 1808 5000 cont'arntenoae
1827 4982 1837 5012 ,

133 5033 158 5090 si
173 5029 280 5107 lingua
294 5027 468 5107 probandos
493 5029 557 5086 osse
580 5022 754 5082 coricedant
767 5022 964 5096 neolatinos,
1008 5021 1103 5080 altera
1118 5019 1285 5094 rnntabilis,
1300 5040 1414 5096 arares,
1427 5020 1504 5077 iacta
1516 5022 1651 5100 ittaque,
1666 5021 1761 5082 altera
1776 5025 1836 5082 im·

42 5167 49 5179 ,
133 5113 218 5174 uuila
229 5131 295 5194 pam
306 5109 417 5169 idonea
432 5129 521 5174 causa
533 5153 545 5186 ,
562 5125 618 5168 cur
630 5103 837 5186 damnentur,
850 5125 887 5166 ac
901 5126 952 5167 ve-
1010 5102 1187 5182 mutabilis,
1202 5103 1360 5164 hominem
1375 5097 1598 5164 in'exterarum
1614 5121 1717 5164 rerum
1730 5116 1837 5168 nanta·
