3874 5726
926 282 965 346 13

101 388 146 448 tte
160 373 400 465 purrummulto
415 376 796 446 nrallemaudoredoccri:
861 405 864 412 ’
1002 385 1156 446 Victorem
1170 384 1297 446 hamam
1308 406 1393 449 musa
1407 395 1511 450 maula
1530 387 1644 478 imur.
1719 421 1721 426 ·
1748 401 1754 406 ’

144 473 223 543 Quot
239 478 342 528 mistro
356 468 449 528 distet
463 469 559 528 Sirius
573 466 648 526 orbe
666 465 778 546 perles,
959 467 1122 546 Exemplar
1140 467 1254 546 priscos
1269 468 1391 532 coluere
1404 465 1705 554 cotuntquetpoerm
1795 525 1798 532 .

100 551 156 610 Vel
173 571 244 630 quae
263 559 413 610 terrarum
437 551 603 628 magnique
623 547 748 608 exordia
775 545 903 621 murrdi,
930 565 933 572 ¹
1001 550 1164 626 Ingenium
1176 551 1314 628 proprias
1325 553 1378 612 sed
1390 551 1466 612 solet
1479 555 1525 612 irs
1536 553 1611 615 rias.

142 633 204 694 Vet
215 642 307 713 quota
319 653 390 713 para
402 633 514 692 animae
528 633 568 692 sit
580 648 694 690 memor
708 649 773 690 esse
786 649 861 690 rneae
872 652 881 704 5
959 629 1038 696 Bina
1047 632 1160 691 micant
1173 633 1280 710 patriae
1293 645 1375 694 vates
1384 655 1441 693 ceu
1453 633 1552 693 sidera
1564 646 1692 698 nostrae:

97 717 185 776 Ante
194 716 278 777 diem
290 716 458 793 inciperem
470 733 533 792 quc
543 712 678 772 delirare
689 711 829 791 pinellus,
1000 713 1045 773 hd
1057 713 1187 788 gran‘des
1196 715 1295 774 suerit
1307 715 1653 793 Schillerusiremcdos,

23 795 25 870 3
144 798 304 876 Noctivagi
315 795 434 856 suboles
447 805 481 856 ut
492 815 639 874 generosa
648 793 747 872 sophi.
957 796 1027 854 Sire
1041 795 1114 874 lyrae
1128 794 1242 856 mulcet
1256 799 1392 856 numeris
1407 817 1563 877 ,praesaga
1575 795 1731 862 cothdrnc

23 871 25 882 ’
98 878 555 959 Nonegosicmallem,quam
568 872 922 957 percepisse‚rolcntenr¹
980 879 1540 958 'Seugradienstaeitccordapavore
1552 885 1671 959 quatit:

146 966 220 1039 Quoe
233 971 356 1042 captare
366 964 504 1020 animum
516 1005 527 1034 ,
538 977 653 1037 corque
664 963 920 1034 moverequeaat.
956 956 1047 1017 ldirus
1059 1002 1067 1029 ,
1081 959 1265 1019 inexhausta
1278 961 1551 1022 ruriatdulcedine
1561 965 1670 1024 Coethe
1682 1011 1691 1040 ,

100 1049 262 1109 Clauserat
276 1046 404 1122 exiguus
415 1043 573 1102 duodenos
584 1040 715 1101 crhisad
729 1058 843 1112 annos,
998 1041 1058 1100 Ceu
1077 1041 1184 1100 formis
1194 1041 1303 1102 ludens
1313 1043 1419 1104 Protea
1431 1045 1535 1124 pieriis
1547 1090 1555 1119 ,

144 1133 219 1204 Quae
230 1146 336 1186 noram
347 1127 439 1184 rebus
451 1126 538 1184 mista
558 1122 687 1203 prolana
700 1121 792 1180 sacris
806 1166 816 1191 ‚
831 1147 834 1156 ·
957 1123 1013 1196 Qui
1038 1125 1177 1196 Tarsum,
1193 1134 1286 1204 ponto
1305 1125 1360 1204 qui
1381 1126 1472 1203 fingit
1482 1125 1591 1206 poeula
1613 1147 1732 1202 mersa,

99 1213 250 1290 Terupore
261 1207 456 1268 Romulidum
469 1207 546 1284 caepi
559 1224 621 1283 quo
630 1205 748 1263 discere
759 1203 896 1284 linguam
910 1223 918 1261 a
998 1205 1032 1263 Et
1044 1209 1276 1282 regeroalaeram
1290 1250 1298 1278 ,
1310 1227 1439 1287 maguus
1450 1209 1482 1266 in
1492 1209 1613 1286 exiguo.

141 1294 271 1371 Campus
284 1301 349 1351 erat
373 1290 482 1348 studiis
504 1289 594 1348 latior
611 1286 685 1346 inde
702 1287 797 1356 maiar
956 1285 995 1346 At
1011 1287 1088 1346 mihi
1105 1308 1163 1348 nec
1184 1297 1302 1348 veteres
1316 1309 1411 1349 musae
1422 1310 1542 1350 suasere
1556 1298 1734 1365 recentem,

97 1377 200 1454 Inque
213 1374 300 1434 brevi
311 1373 409 1454 spatio
420 1370 574 1442 multum,
595 1368 753 1446 didicique
768 1367 918 1444 libenter,
997 1367 1059 1429 Nec
1072 1371 1172 1448 patria
1188 1379 1333 1430 externos
1354 1392 1497 1452 spernere
1510 1391 1580 1432 cara
1601 1374 1692 1431 viros.

138 1459 277 1536 Quaeque
284 1455 375 1520 emel
383 1452 499 1534 placuit
511 1497 519 1528 ,
529 1452 646 1529 gratior
656 1470 754 1528 usque
766 1451 837 1511 fuit.
956 1451 1028 1525 Quis
1039 1451 1202 1529 pulchrum
1215 1453 1309 1512 sensit
1321 1500 1330 1528 ,
1341 1455 1397 1532 qui
1411 1475 1473 1514 non
1489 1455 1618 1514 miretur
1635 1453 1774 1531 ubique,
1788 1482 1794 1496 ·

96 1541 166 1601 Mur
176 1539 286 1618 juveni
296 1537 471 1599 Aeneadum
487 1541 617 1614 patuere
627 1533 764 1610 ingentia
774 1533 855 1592 lacta
866 1578 880 1606 ,
996 1533 1050 1593 Cui
1066 1532 1207 1612 placeant
1218 1538 1319 1612 gentis
1329 1556 1390 1594 non
1404 1536 1459 1594 nisi
1468 1535 1597 1614 pulchra
1609 1538 1697 1596 suae-i

135 1623 231 1682 homa
242 1630 362 1700 potens,
376 1618 495 1698 magnis
505 1615 621 1695 inclyta
634 1615 728 1674 lloma
741 1616 837 1693 viris,
954 1612 1012 1673 seu
1022 1614 1146 1694 longum
1156 1615 1418 1696 patrios,longum
1426 1618 1774 1695 memoraressritannos,

98 1704 135 1764 ht
149 1706 258 1764 micuit
270 1702 350 1761 Tulli
364 1699 470 1760 divino
484 1698 604 1758 lhlmen
626 1696 667 1756 ab
681 1715 734 1755 ure
749 1738 759 1768 ,
996 1696 1133 1775 Longum
1150 1697 1353 1775 Franeigenas
1369 1708 1415 1758 est
1428 1699 1702 1759 memorarernihin

145 1787 346 1862 lunataque
364 1783 441 1842 fides
455 1783 621 1840 insonuere
637 1778 725 1858 lyrae.
925 1782 930 1788 '
954 1776 1020 1838 Non
1033 1778 1085 1838 hic
1102 1779 1309 1860 Torquatum,
1323 1790 1464 1852 tenerum
1474 1781 1646 1845 referamne
1657 1781 1775 1840 Petra!-

104 1869 226 1929 Nasonis
238 1870 323 1928 Fasti
333 1865 411 1926 varii
420 1863 587 1944 placuere,
608 1860 756 1920 Getarum
1657 1862 1660 1870 '
1687 1881 1773 1936 cam,

139 1953 283 2035 Quosque
304 1946 374 2008 exul
398 1942 543 2030 qurerulos
558 1941 655 2002 mittit
669 1939 798 2002 ah‘orbe
818 1959 918 2001 annua.
996 1942 1148 2015 Quantum
1164 1941 1282 2002 deliciis
1294 1942 1538 2022 addiderintque
1553 1943 1646 2004 meist

98 2033 135 2094 dt
147 2053 235 2109 arrange
250 2079 257 2106 ,
273 2029 399 2089 mutatis
413 2047 482 2106 quaa
493 2026 607 2086 ludunt
617 2025 755 2084 carmina
767 2026 894 2094 formis,
954 2023 1019 2083 Non
1034 2044 1090 2100 ego
1100 2025 1267 2103 contempsi
1283 2024 1626 2104 ,criticequosdamnat
1640 2025 1748 2106 iniqua
1758 2068 1772 2100 ,

140 2119 176 2176 Et
188 2125 294 2194 pectus
308 2131 412 2172 sensus
422 2119 453 2168 et
464 2119 591 2168 tenuere
603 2126 694 2168 meon.
995 2108 1074 2182 eros
1087 2113 1227 2166 veterum
1244 2117 1327 2166 vates
1336 2106 1446 2166 acutula
1457 2106 1567 2186 lingua
1577 2107 1676 2168 decet

96 2198 188 2260 Nulla
203 2197 295 2255 etiarn
324 2192 430 2274 iuraui
445 2191 624 2250 criticorum
640 2187 745 2266 regula
758 2236 766 2264 ‚
778 2190 895 2266 justum
909 2234 918 2265 ,
954 2187 1019 2246 lion
1036 2208 1093 2265 ego
1108 2189 1244 2264 Sinceri,
1262 2189 1483 2250 Fracastoriive
1503 2209 1693 2264 carnoenana,

141 2279 327 2341 Monstrabat
340 2272 540 2352 rigide,quid
556 2270 726 2330 nimiumve
737 2272 838 2340 totam
996 2271 1063 2332 Non
1080 2277 1137 2346 egl)
1156 2269 1257 2330 Baldei
1270 2318 1278 2346 ,
1290 2271 1459 2332 Sarhiviire
1474 2270 1591 2352 lyram,

96 2372 139 2434 Ac
152 2365 256 2422 miuus
271 2359 393 2418 attenso
410 2359 451 2428 ,si
464 2353 539 2434 qnid
553 2352 722 2427 mediocre,
739 2352 881 2430 voluptas
952 2354 1015 2413 Nec
1029 2373 1135 2410 suares
1148 2373 1290 2429 spernam
1305 2373 1394 2413 voces
1407 2373 1605 2429 numerasse,
1617 2351 1733 2414 tibulli

135 2445 245 2508 Purior
258 2444 291 2500 iu
304 2439 463 2520 pulchris,
477 2438 579 2515 'major
593 2444 627 2493 ut
641 2434 751 2510 ardor,
776 2443 852 2494 erat.
995 2435 1110 2510 Dignos
1121 2435 1259 2492 Lotiolrio
1280 2456 1357 2514 qrros
1371 2434 1486 2514 elegeia
1498 2435 1583 2494 dadis
1594 2481 1609 2510 ,

94 2527 231 2605 Insignis
252 2525 369 2598 liuguae
382 2541 456 2580 cura
471 2528 515 2578 est
529 2517 666 2596 artisque
679 2515 791 2577 llaroni
808 2537 814 2571 :
953 2516 1014 2576 Nec
1025 2537 1131 2596 puram
1146 2559 1155 2590 ,
1172 2515 1360 2580 Buchauane
1369 2563 1379 2592 ,
1395 2527 1478 2577 tuam
1491 2517 1643 2579 celsarure
1663 2515 1774 2593 loque·

134 2611 206 2670 Fert
223 2627 351 2666 nunraro
366 2603 497 2662 docilem
513 2619 597 2658 musa
608 2619 711 2659 severa
725 2599 876 2678 gradum,
1696 2599 1778 2678 lam,

93 2685 154 2757 Seu
174 2693 258 2750 canit
274 2689 388 2746 AEneau
404 2695 435 2744 et
451 2684 555 2742 liomaa
566 2681 694 2758 grandia
706 2682 790 2752 fata,
996 2677 1140 2738 Jessaeum
1157 2678 1239 2738 latiis
1253 2701 1326 2740 ause
1336 2681 1452 2742 referre
1464 2680 1572 2742 medis.

134 2777 193 2834 Seu
214 2770 379 2850 Daphnin,
399 2775 515 2843 segetes
538 2783 590 2822 seu
605 2762 798 2842 pecudesque
822 2761 918 2822 canit.
952 2757 1166 2838 Tranquillmo
1176 2782 1269 2820 musac
1280 2762 1384 2822 dulces
1397 2763 1431 2822 in
1446 2764 1568 2822 tramite
1582 2763 1668 2833 vitae,

94 2855 262 2933 Virgilium
273 2854 322 2911 vir
336 2858 418 2909 umet
433 2848 551 2926 potina,
565 2865 654 2924 mage
667 2844 744 2904 Naso
758 2844 916 2926 juventam
994 2843 1066 2915 Qum
1081 2863 1136 2901 uec
1148 2864 1257 2921 magna
1269 2847 1371 2924 cupit,
1382 2847 1504 2924 scitque
1512 2843 1735 2907 frui-modieisl

100 2956 105 2963 ’
135 2927 895 3005 Delectatuiuentem,blandegrarisquesimul,
952 2923 1009 2986 Par
1024 2925 1276 3004 ardorjureoem
1289 2947 1383 2986 musae
1395 2927 1573 2987 stimulabat
1592 2927 1711 3003 amori,

93 3023 197 3081 Serius
208 3026 239 3076 et
252 3031 457 3090 numerosque
470 3021 537 3070 tuos
548 3019 708 3088 artemque
718 3010 840 3068 beatam
994 3007 1065 3078 Qua
1078 3008 1205 3078 mundi,
1220 3009 1410 3086 mentisque
1424 3009 1541 3069 ratiove
1553 3008 1650 3083 foret,

134 3099 236 3172 Sensi,
250 3097 357 3157 Places
370 3093 435 3153 viro
451 3102 538 3170 grate
549 3092 677 3170 senique
691 3111 801 3150 corner.
953 3087 1084 3146 Nascere
1093 3094 1428 3166 ,naturamqueanimoe
1438 3090 1778 3168 sortemqueiuturaru,

89 3184 172 3252 Ante
209 3181 336 3262 quidem
365 3177 467 3248 Latii,
498 3193 591 3258 quam
615 3193 714 3233 sermo
741 3174 918 3250 scriptaquc
994 3169 1128 3246 Quisque
1140 3171 1779 3250 creans‚dextracunctumovensquesua,

663 3327 664 3331 Ἰ
769 3250 916 3333 Crajom,
954 3248 1107 3328 Cccpimus
1120 3261 1151 3310 et
1166 3253 1368 3329 terrastudio
1379 3251 1496 3336 majore
1506 3254 1661 3331 situmque

134 3344 199 3402 Non
218 3351 319 3402 tamen
334 3339 403 3399 heac
418 3335 520 3396 studio
531 3334 612 3394 culta
627 3336 747 3394 minore
762 3336 852 3393 mihi.
995 3334 1130 3392 Scrutari
1143 3345 1174 3392 et
1189 3334 1321 3395 formam
1333 3377 1345 3406 ,
1358 3335 1573 3413 sidereumque
1583 3335 1687 3416 polum
1703 3363 1711 3398 ε

90 3426 304 3504 QuisCraecoa.
315 3423 449 3480 habeant
459 3418 508 3476 cui
516 3418 686 3496 quidquam
694 3437 786 3476 auare
797 3416 912 3486 latini,
950 3411 1035 3486 Quod
1049 3425 1148 3474 motus
1159 3418 1303 3494 spatium,
1311 3437 1379 3495 quar
1389 3418 1435 3478 lex
1444 3437 1532 3496 ,quae
1544 3419 1776 3497 mutuaviucla,

133 3509 289 3566 Nonamet
301 3502 315 3564 l
327 3505 352 3562 Α
364 3501 476 3562 Graecis
489 3500 539 3558 his
552 3499 645 3558 decus
655 3519 747 3557 omne
760 3500 858 3564 venit,
991 3499 1060 3569 Quoe
1076 3506 1156 3556 rotet
1169 3499 1348 3561 innumeros
1357 3501 1403 3559 nis
1415 3499 1678 3577 ,teneatreglchus
1693 3524 1703 3574 ς

90 3591 260 3668 Eloquium
270 3583 420 3672 simplex,
434 3583 601 3659 nativaque
615 3583 712 3658 gratia
726 3580 837 3654 libris,
953 3581 1082 3659 Foedere
1097 3600 1158 3658 quo
1170 3590 1291 3640 maneat
1305 3601 1431 3644 concors
1446 3582 1598 3644 discordia
1609 3602 1712 3644 rerum
1724 3629 1734 3662 ,

134 3672 224 3746 Quoia
237 3669 389 3727 dederunt
402 3665 504 3742 dignis
518 3663 644 3721 nomina
661 3662 811 3727 Pierides,
996 3665 1031 3720 Ut
1047 3671 1144 3721 totum
1160 3665 1275 3741 species
1288 3674 1371 3723 stans
1385 3672 1481 3723 naret
1494 3683 1591 3742 usque
1605 3683 1692 3741 suam

90 3760 144 3817 Ast
158 3752 251 3812 Oloro
261 3751 315 3828 qui
329 3747 410 3808 bellu
424 3745 518 3804 refert
530 3743 634 3804 ciuilia
658 3754 747 3804 natus
760 3791 768 3818 ,
932 3745 935 3750 '
954 3746 1027 3819 Qum
1042 3745 1088 3807 vis
1114 3746 1260 3822 gignendi
1273 3791 1279 3816 ‚
1293 3765 1363 3822 quae
1378 3746 1490 3806 formae
1500 3747 1643 3824 germina
1655 3750 1776 3830 prima,

134 3834 217 3894 vina
233 3833 374 3900 hunrauae
388 3848 486 3896 aevum
506 3827 589 3884 testis
608 3828 642 3884 in
656 3847 747 3886 omne
762 3835 874 3886 ruanet.
995 3828 1273 3903 Quisqueanimam
1289 3848 1385 3890 nexus
1396 3831 1617 3906 uurterieurque
1628 3828 1729 3908 ligans
1739 3854 1748 3906 ;

87 3917 279 3982 Sacraticum
293 3916 412 3992 spirant
421 3908 633 3986 Xenophontis
644 3910 755 3987 scripta
764 3907 917 3987 leporem,
955 3907 1032 3964 Num
1045 3909 1134 3982 ratio,
1145 3910 1314 3986 quidquam
1327 3909 1393 3968 sinc
1403 3910 1674 3989 corpor·e,suadeat
1684 3955 1693 3986 ,
1705 3932 1782 3990 esse5

133 4000 243 4073 Quem,
266 4013 393 4060 suarem
413 4001 444 4051 et
466 4002 584 4058 castum
607 4013 631 4065 ,·
652 4011 730 4072 geas
760 4011 812 4049 sua
837 3993 916 4049 dixit
999 3990 1043 4050 hu
1067 3989 1166 4049 valcat
1183 4000 1316 4050 ruentem
1333 3993 1461 4069 gignere
1475 3994 1619 4052 materies
1626 4015 1635 4069 3

802 4094 902 4154 apem.
956 4074 1015 4147 Qui
1029 4072 1095 4130 siue
1108 4073 1262 4151 principio
1274 4075 1369 4153 possit
1382 4093 1430 4132 res
1443 4074 1507 4133 ulla
1520 4075 1636 4148 fuisse,

88 4160 198 4222 llirini
210 4178 269 4217 vox
284 4165 330 4216 est
349 4163 385 4216 at
397 4173 486 4215 mens
498 4153 617 4215 excelsa
631 4151 766 4214 Platonis
782 4173 794 4224 3
904 4175 906 4182 ·
995 4157 1054 4229 Qui
1068 4155 1152 4228 lieri,
1168 4157 1260 4234 coepit
1271 4156 1353 4233 quod
1367 4155 1459 4214 semel
1474 4176 1537 4215 esse
1550 4199 1558 4226 ‚
1570 4155 1648 4218 nihil
1662 4178 1670 4232 5

132 4242 207 4301 llam
219 4240 373 4309 charitum
388 4238 477 4296 linxit
486 4235 639 4315 quidquid
654 4235 799 4314 Olympus
811 4235 915 4299 hahet.
954 4237 1059 4310 Quare
1076 4237 1167 4294 morlo
1180 4237 1331 4296 mundum
1346 4237 1437 4296 detur
1450 4283 1459 4313 ,
1471 4239 1519 4298 cui
1532 4245 1656 4316 parcat,
1670 4246 1780 4313 extra,

88 4325 247 4386 'lomentis
260 4323 325 4380 ritu
346 4318 455 4378 sinrilis
470 4320 633 4397 ferturque
648 4319 766 4377 tonanti
780 4364 789 4387 ,
995 4320 1126 4396 Corpore
1140 4339 1202 4397 quo
1216 4327 1318 4378 careat
1334 4339 1460 4398 corpora
1473 4329 1583 4379 cuncta
1597 4338 1743 4392 morens;

131 4407 192 4492 Qui
213 4423 266 4462 suu
281 4401 461 4480 Cecropidas
475 4401 573 4460 flectit
587 4399 625 4458 ad
650 4399 792 4459 arbitria.
954 4400 1032 4460 Cura
1046 4401 1138 4460 deum
1152 4402 1247 4459 nostri
1259 4421 1334 4460 num
1347 4420 1418 4479 quar·
1427 4403 1466 4460 sit
1479 4400 1607 4480 provida
1619 4409 1758 4471 3tuerces

87 4489 184 4549 Arma
220 4485 317 4556 refert
352 4501 514 4563 moresque
552 4481 715 4548 homiuum
745 4501 917 4560 urrraesque
994 4487 1040 4546 ho
1057 4502 1110 4544 sua
1126 4490 1208 4542 certa
1224 4483 1389 4555 bonis,au
1405 4503 1457 4543 sua
1473 4503 1564 4564 poena
1579 4481 1678 4541 malin

780 4564 914 4644 deosque
930 4561 933 4569 '
952 4563 1031 4642 Ergo
1040 4564 1132 4624 arida
1143 4585 1261 4623 mecum
1280 4573 1325 4624 tot
1344 4564 1471 4626 volvens
1488 4574 1638 4642 tantaque
1650 4573 1754 4625 mente
1764 4609 1780 4642 ,

128 4648 291 4710 tennitas
303 4647 463 4725 3huicpar
478 4645 565 4706 amula
585 4645 682 4704 tulere
696 4645 788 4704 nihil.
992 4649 1061 4707 Esse
1074 4655 1190 4706 atomos
1204 4647 1315 4717 ,certis
1329 4649 1447 4726 hasque
1456 4648 1539 4706 coire
1551 4645 1673 4722 modis,

88 4730 241 4792 Pindarus
254 4729 364 4789 audaci
378 4729 536 4806 liquidum
545 4730 623 4808 petit
636 4727 754 4787 aethera
768 4750 890 4808 petina,
951 4731 987 4791 Et
1001 4751 1080 4790 aeuo
1096 4728 1233 4802 ,didici,
1250 4729 1292 4786 sic
1306 4731 1393 4808 gigni
1412 4729 1533 4806 singula
1547 4749 1651 4788 rerum
1664 4775 1675 4806 ,

130 4811 264 4878 Heroum
281 4820 318 4870 et
326 4810 465 4889 pugilum
480 4810 561 4870 facta
575 4811 710 4888 deosque
724 4830 847 4870 canens.
991 4813 1039 4872 Sic
1052 4821 1185 4884 terram,
1203 4809 1356 4889 liquidum
1369 4813 1411 4870 sic
1424 4812 1532 4870 coiisse
1546 4830 1648 4885 mare;

87 4897 184 4968 Scena
200 4893 368 4972 Sophoclea
384 4892 460 4969 quid
477 4892 571 4951 babet
585 4893 722 4951 divinius
738 4903 804 4952 arte
816 4891 832 4930 ²·
948 4899 988 4956 At
1000 4894 1094 4954 multa
1108 4891 1160 4951 lric
1175 4893 1283 4973 priscis
1295 4895 1429 4973 reperire
1439 4894 1545 4970 ignota
1562 4901 1701 4954 recentes
1712 4936 1729 4966 ,

128 4978 208 5052 Quid
223 4995 314 5056 super
324 4975 464 5036 Electran
481 4973 708 5056 OEdipodemre
722 4978 848 5035 senem?
956 5048 959 5052 ι
989 4982 1129 5054 Aeraque
1142 4976 1173 5034 in
1188 4986 1287 5054 partes
1299 4975 1567 5052 disserueramus,

84 5059 197 5130 Erchia
210 5059 250 5122 ad
263 5077 417 5121 summum
432 5099 441 5132 ,
455 5057 539 5140 quod
555 5065 654 5118 tentat
666 5058 779 5126 Graecia
795 5060 891 5122 t'ctix:
946 5057 1067 5140 Ilcrqnc
1078 5058 1157 5120 ailina
1167 5059 1234 5124 alise
1255 5060 1355 5124 vitent
1369 5067 1402 5120 ut
1413 5070 1556 5123 amentre
1571 5055 1704 5120 vicissim
1720 5097 1736 5131 ,
