3868 5712
909 271 964 330 151

68 404 234 457 litterarum
253 413 350 468 parum
375 394 467 467 gnaris
495 391 628 466 optimam
655 407 769 463 operam
798 379 908 438 navavit
948 375 1105 448 ignivomo,

70 483 99 538 J,
120 481 149 534 J.
169 469 376 538 Dilscbneidcr,
389 471 419 524 in
432 488 479 524 suo
492 477 520 522 et
532 464 697 522 lVillmanni
711 459 907 520 commentario
948 455 1016 520 tius,
1026 455 1059 518 4,
1074 455 1110 514 0,

69 554 108 608 ad
128 547 226 606 Seberi
247 547 529 618 Macies-Snmmlunp
541 543 689 598 deurseber'
702 541 850 604 dedidere,
863 531 909 588 cui

70 647 167 684 meam
201 641 309 698 quoque
340 623 435 695 elegiae
462 619 675 674 translationem
699 618 833 671 insertam
854 611 908 666 0000

70 699 230 760 doctissimi
250 707 408 772 ueteresque
430 697 510 752 amici
532 695 687 750 voluerunt.
700 691 768 746 1110100
784 707 862 754 0000,
877 695 910 740 ut

70 782 134 856 jam
148 778 206 833 dixi
218 819 225 845 ,
237 775 267 829 in
287 775 360 828 notis
379 774 454 828 hisce
474 771 561 845 magis
575 771 629 824 alia
641 812 647 836 ,
661 789 742 844 quarn
759 783 851 828 rerum
863 762 910 816 in-

74 854 245 930 terpretatio
255 889 265 920 ,
276 851 414 926 proposita
430 875 437 916 3
458 867 543 923 quare
555 890 563 915 ,
574 847 643 920 quod
658 847 693 899 ad
706 847 804 910 illam,
817 841 847 894 in
859 837 910 896 hec

74 949 189 1009 quoque
202 927 323 984 carmine
336 925 508 1002 paucissimis
521 923 715 996 defungernnr.

114 1091 150 1142 Iu
162 1084 254 1160 primo
275 1101 354 1136 versu
366 1078 557 1148 Parthenopes
578 1081 664 1132 001000
678 1075 809 1151 Neapolin
824 1076 912 1132 intel·

73 1166 155 1238 lige,
171 1180 233 1236 quae
251 1159 329 1233 prius
343 1154 513 1226 Parthenope
539 1151 612 1206 dicta
624 1194 631 1218 ,
642 1151 724 1224 idque
744 1172 845 1208 00000000
867 1150 912 1207 001

76 1240 191 1308 serioris
220 1236 270 1290 aeri
292 1234 438 1306 scriptores
459 1229 565 1294 Graeci,
584 1230 658 1282 inter
678 1227 788 1282 Latinos
818 1239 911 1283 autem

74 1326 166 1392 poetae
178 1323 303 1378 tantum,
326 1318 358 1364 nt
377 1305 509 1378 Virgilius
529 1305 558 1357 in
578 1306 723 1360 medulata
738 1307 912 1360 (0101001Ρο0-

76 1396 220 1461 tlrenope,
244 1387 431 1440 retinuerunt.
451 1381 584 1454 Neapolin
607 1381 674 1434 situs
698 1381 855 1434 amaenitate
885 1391 915 1438 et

78 1469 140 1524 00010
161 1464 298 1539 temperie
319 1463 390 1514 mire
411 1457 519 1532 placere
532 1498 539 1524 ,
550 1465 646 1510 notum
659 1480 665 1522 ς
680 1475 733 1528 quo
746 1457 849 1510 rectius
858 1457 914 1512 hu·

77 1546 124 1619 jus
137 1542 214 1598 urbis
226 1540 313 1594 vitam
331 1545 413 1610 poeta
431 1536 524 1586 Romae
543 1531 632 1584 ruinis
646 1573 653 1597 ‚
666 1541 799 1604 tanquam
811 1533 913 1603 morti,

82 1619 219 1694 opposuit.
249 1611 393 1670 Sententia
424 1627 480 1662 non
510 1606 652 1662 dissimilis
672 1607 748 1662 locus
781 1609 913 1666 Sarbievii

83 1695 210 1773 (syrica
223 1733 232 1761 ,
245 1693 292 1762 at)
306 1711 312 1744 :

155 1853 337 1931 lle'proieeta
351 1849 506 1926 jacentium

79 1984 85 2008 ,
196 1933 298 1986 Passim
311 1949 360 2003 per
370 1925 485 2001 populos
496 1924 577 1978 busta
588 1917 741 1992 Quiritium
755 1960 764 1991 ,

155 2011 191 2064 Et
210 2007 275 2061 vilis
288 2005 411 2079 Zephyro
422 2002 500 2075 jocus

196 2081 298 2140 ¹laetati
311 2081 416 2135 cineres
428 2121 436 2146 ,
450 2087 477 2130 et
488 2091 630 2150 procerum
639 2071 699 2146 rogi
711 2111 720 2140 ,

156 2161 379 2230 Fumantnmque
389 2155 519 2208 cadavera

196 2237 354 2306 Regnorum
366 2231 469 2298 ,tacito
480 2269 488 2294 ,
498 2223 569 2280 Rufe
584 2222 712 2292 ,silentio

159 2313 285 2366 Mestum
298 2309 388 2362 multa
407 2322 506 2358 menen
513 2312 533 2361 t.
546 2329 580 2344 -

205 2415 236 2428 -
246 2389 351 2457 Regum
361 2382 458 2436 titulos
470 2421 477 2446 ,
488 2388 516 2432 et
525 2371 647 2430 tuninlos
659 2391 740 2448 super

166 2461 325 2534 Fulgentem
338 2476 433 2531 premo
450 2455 585 2528 gloriam,
600 2460 628 2504 et

202 2537 279 2593 Celae
297 2534 436 2588 nobilium
450 2527 563 2585 nomina
574 2529 717 2580 Caesarum.

120 2691 167 2749 'Ad
176 2693 269 2748 locum
278 2691 342 2746 10010
352 2689 463 2762 quidem
473 2694 526 2740 etc.
541 2681 578 2739 ci.
588 2677 690 2735 Rutilii
702 2699 709 2731 :
778 2747 781 2754 γ

118 2841 169 2900 Sed
184 2839 247 2894 00010
257 2837 341 2912 plaga
354 2831 497 2890 candidior
508 2871 516 2899 ,
526 2837 686 2901 tractusque
706 2840 818 2878 serenus

155 2916 255 2990 Signat
265 2911 386 2988 septenis
400 2908 523 2964 culmina
534 2906 607 2960 clara
617 2902 703 2976 jugis.

118 3071 155 3126 Ex
173 3065 260 3140 hujus
279 3064 428 3121 s'rs'rrerars‘c
445 3059 500 3112 alia
520 3057 604 3110 etiam
617 3061 759 3108 mutuatus
777 3050 912 3122 Schlegel.

80 3148 170 3200 Romae
182 3153 278 3198 tutem
291 3148 393 3214 septem
407 3137 437 3191 in
449 3133 565 3189 collibus
584 3132 653 3184 situs
673 3131 769 3184 multis
787 3137 911 3182 reternm

80 3231 225 3294 poetarum
238 3217 359 3284 versibus
373 3212 527 3268 celebratur
539 3251 547 3277 ,
557 3227 609 3280 quo
622 3247 630 3275 ,
642 3225 703 3259 cum
716 3206 774 3261 loeo
792 3201 911 3270 Tibulli,

79 3295 144 3352 hnic
176 3295 272 3370 elegire
300 3293 423 3358 inserto,
452 3283 618 3345 trahendum
643 3281 735 3336 Ovidii
769 3283 853 3336 Trist.
874 3287 910 3348 1,

78 3380 197 3444 5,ta:

114 3526 151 3538 -
173 3509 234 3566 quae
257 3489 290 3543 de
308 3495 412 3562 septem
425 3491 514 3536 toturn
534 3472 721 3548 circumspicit
741 3471 834 3526 orbem

114 3567 258 3626 Montibus
270 3606 278 3634 ,
290 3559 400 3640 imperii
413 3563 498 3613 Roma
510 3552 644 3628 deumque
659 3551 743 3604 locus.

115 3715 223 3788 Quibus
233 3707 371 3766 sententia
391 3702 518 3778 congruit
533 3696 663 3772 Virgilii,
675 3701 772 3770 Georp.
786 3703 803 3749 11
815 3699 910 3764 ,5342

109 3905 145 3917 -
156 3873 262 3924 Rerum
272 3863 346 3920 facta
359 3869 401 3916 est
414 3854 601 3934 pulcherrima
619 3853 703 3904 Roma
716 3891 724 3919 ‚

111 3954 278 4024 Septemque
297 3955 354 3994 una
373 3935 426 3992 sibi
439 3951 517 3988 muro
531 3926 713 3986 circumdedit
729 3941 813 3982 arces.

110 4102 155 4160 Ad
175 4103 347 4173 Saturnum,
363 4089 481 4163 Olympo
500 4082 666 4158 profugum,
686 4075 805 4133 refertur
824 4076 903 4130 loeus

1116 363 1274 454 suavissime
1286 359 1419 436 Virgilius
1432 404 1440 432 ,
1454 365 1515 420 AEn.
1529 369 1627 434 8,113
1640 405 1648 434 ,
1662 365 1781 446 Proper.

1122 443 1138 498 'l
1153 484 1160 513 ,
1172 442 1305 510 00001000,
1317 443 1393 498 Fert.
1405 447 1438 510 ·1,
1450 445 1516 496 0411.

984 607 1018 658 In
1038 601 1273 668 stramineumqtse
1294 589 1391 650 casnm'
1416 593 1545 663 Alcides,
1563 600 1592 647 et
1611 591 1641 648 in
1663 593 1780 654 disticho

948 677 1072 754 sequenti
1105 674 1188 728 habes
1219 679 1425 746 pentametrum
1468 669 1547 722 nulla
1577 671 1707 725 orationis
1738 675 1782 728 di..

950 755 1107 817 stinctione,
1118 749 1197 804 nullo
1207 757 1352 815 commate,
1362 746 1476 800 finitum
1490 770 1497 812 ς
1511 745 1621 816 qualem
1630 748 1702 820 apud
1714 751 1782 804 Ovi-

949 833 1026 887 dium
1040 839 1067 883 et
1077 825 1218 881 Tibullum
1228 843 1284 876 non
1296 823 1395 896 reperi.
1404 821 1562 896 Propertius
1571 830 1665 875 tamen
1675 841 1764 878 unum⁴

949 917 979 962 at
998 906 1050 960 hoc
1070 910 1178 978 qnoque
1200 895 1531 972 ambiguumexemplum
1551 897 1662 970 praebet.
1682 869 1781 958 Contrai

908 1003 910 1008 ·
950 977 1094 1046 Catullus,
1108 979 1140 1032 dc
1152 977 1331 1032 num—ererum
1351 973 1486 1027 suavitate
1506 974 1599 1026 minus
1609 1015 1617 1041 ,
1628 992 1709 1048 quam
1719 977 1780 1046 il'li,

951 1059 1085 1114 sollicitus
1097 1097 1104 1122 ,
1114 1064 1147 1108 ut
1159 1055 1188 1106 in
1202 1051 1280 1117 aliis,
1295 1051 1332 1104 sic
1345 1049 1374 1104 in
1387 1048 1438 1102 bac
1454 1067 1484 1102 00
1497 1053 1648 1103 Graecorum
1668 1051 1781 1108 lieentia

951 1135 1056 1208 largius
1075 1131 1187 1197 utitur,
1207 1128 1229 1180 si
1249 1126 1360 1200 quidem
1380 1125 1522 1178 licentiam
1542 1135 1616 1178 recte
1635 1126 1780 1200 adpellcs,

951 1209 1041 1286 quod,
1061 1207 1115 1260 nisi
1135 1205 1287 1268 vitaretur,
1308 1197 1480 1274 frequentius
1509 1199 1656 1254 occurrere
1672 1217 1781 1260 necesse

952 1295 1031 1341 esset.
1052 1289 1214 1354 Quanquam
1245 1278 1328 1332 Greci
1349 1296 1383 1330 an
1406 1277 1537 1342 omnino,
1557 1287 1724 1349 quatenusve
1738 1281 1782 1334 vi-

951 1361 1071 1416 taverint
1082 1401 1089 1426 ,
1102 1377 1132 1411 ex
1153 1355 1282 1428 elegiacis
1293 1371 1385 1406 eornm
1397 1351 1523 1425 reliquiis
1534 1371 1588 1405 non
1609 1355 1674 1407 satis
1694 1355 1781 1411 100101-

950 1437 1037 1512 ligere
1049 1445 1139 1510 potes;
1159 1449 1225 1484 nam
1242 1431 1316 1482 idem
1335 1429 1366 1481 in
1383 1428 1444 1480 aliis
1456 1470 1464 1494 ,
1476 1428 1553 1481 velut
1575 1430 1603 1480 in
1624 1428 1781 1502 fragmento

951 1507 1198 1576 Hermesianaetis,
1219 1505 1328 1579 saepius,
1342 1505 1371 1557 in
1393 1503 1516 1569 aliis‚nt
1536 1504 1565 1556 iu
1585 1503 1727 1562 Phanoclis
1748 1509 1781 1565 de

952 1589 1059 1665 Orpheo
1081 1584 1184 1656 elegis,
1205 1583 1326 1655 itemque
1347 1580 1376 1633 in
1399 1579 1537 1652 Euripidis
1557 1578 1698 1652 distichis,
1720 1585 1781 1658 ejus

951 1667 1082 1721 Androm.
1097 1659 1231 1726 insertis,
1252 1675 1288 1710 ne
1309 1655 1392 1710 semel
1414 1654 1525 1729 quidem
1545 1657 1673 1730 reperies.
1699 1661 1781 1734 Apud

952 1737 1148 1796 Callimachum
1160 1733 1283 1807 exempla
1303 1749 1357 1786 non
1368 1731 1467 1784 desunt
1481 1731 1611 1804 quidem,
1632 1733 1678 1786 sed
1692 1753 1781 1810 neque

951 1817 995 1872 his
1034 1816 1073 1869 ita
1102 1829 1232 1878 moveor,
1261 1817 1294 1862 ut
1325 1811 1426 1862 Graecos
1456 1801 1486 1860 id
1515 1807 1593 1860 nullo
1622 1808 1781 1870 discrimine

951 1909 1095 1966 usurpasse
1125 1887 1255 1953 credam,
1275 1883 1348 1957 quod
1369 1883 1510 1954 elegorum
1542 1885 1686 1952 numeris,
1707 1889 1781 1961 qnod

953 1967 1069 2042 elegiaci
1089 1962 1217 2019 carminis
1237 1960 1343 2028 indoli,
1362 1958 1467 2029 (habet
1484 1958 1558 2012 enim
1574 1979 1649 2014 snam
1666 1960 1717 2017 hoc
1727 2005 1735 2032 ,
1748 1973 1781 2020 ut

953 2045 1008 2104 alia
1020 2047 1046 2114 ,)
1066 2048 1222 2114 repugnat;
1236 2055 1324 2110 neque
1347 2053 1409 2089 00000
1431 2033 1513 2087 aliam
1535 2034 1568 2087 ob
1587 2055 1696 2092 eausam
1706 2058 1721 2092 a
1731 2041 1780 2095 Ti-

951 2119 1029 2174 bullo
1041 2162 1047 2186 ,
1058 2115 1197 2190 Propertio
1210 2111 1338 2166 etOridio
1348 2113 1467 2164 vitatum
1478 2105 1676 2179 existimo,'nisi
1688 2157 1699 2179 ,
1713 2117 1778 2190 quic

952 2193 996 2250 his
1015 2195 1045 2248 in
1066 2192 1163 2246 Graecis
1175 2207 1282 2263 quoque
1294 2206 1344 2240 nec
1361 2186 1497 2260 placuerit
1509 2228 1516 2252 ,
1528 2195 1555 2239 ct
1575 2188 1663 2242 rarius
1682 2209 1780 2247 oecur-

952 2290 1016 2326 rens
1026 2289 1074 2344 pro
1091 2268 1206 2324 lieentia
1220 2264 1329 2318 vitanda
1341 2263 1431 2336 potius
1441 2281 1522 2335 qnam
1533 2261 1666 2318 imitanda
1675 2265 1782 2322 habue-

953 2347 1020 2402 rint.
1042 2346 1090 2400 Cui
1118 2343 1168 2396 boc
1193 2341 1275 2394 etiam
1290 2382 1301 2404 ,
1320 2349 1443 2392 veterum
1464 2357 1544 2410 opera
1567 2336 1779 2417 fragmentaque

954 2421 1124 2496 comparanti
1144 2415 1335 2481 manifestum,
1355 2414 1453 2467 addere
1473 2413 1557 2469 licet:
1573 2417 1683 2471 0000000000
1701 2419 1778 2476 00010-

954 2509 998 2552 001
1026 2497 1107 2551 latini
1126 2492 1259 2566 Augustei
1280 2491 1328 2546 aevi
1348 2499 1434 2564 poetae
1447 2531 1455 2558 ,
1467 2489 1496 2562 in
1516 2491 1637 2545 versibus
1658 2495 1692 2547 ad
1711 2498 1779 2552 artis

953 2573 1045 2646 legem
1066 2582 1093 2626 et
1114 2587 1197 2643 graeca
1211 2567 1376 2640 exemplaria
1397 2559 1652 2638 lingendis,multa
1671 2571 1758 2626 000000

954 2660 1002 2702 001
1022 2666 1129 2723 prorsus
1145 2663 1200 2698 non
1220 2651 1387 2717 usurparunt
1401 2683 1408 2708 ,
1429 2659 1487 2714 quaa
1497 2639 1602 2715 priores
1613 2655 1626 2711 ,“
1640 2643 1669 2696 in
1680 2615 1779 2718 quibui

952 2725 1094 2780 Lucretius
1113 2739 1220 2797 quoque
1243 2726 1270 2772 et
1295 2717 1417 2772 Catullus
1438 2716 1488 2770 hoc
1507 2719 1618 2772 nomine
1643 2724 1764 2793 ponendi

952 2799 1124 2875 frequentius
1135 2839 1143 2865 ‚
1154 2797 1236 2870 idque
1245 2813 1300 2847 non
1309 2804 1366 2846 tam
1379 2835 1386 2860 ,
1400 2811 1508 2860 censeo,
1520 2795 1665 2866 probantes
1677 2839 1684 2864 ,
1695 2767 1780 2872 quani

952 2897 1044 2932 versus
1059 2875 1168 2930 facilius
1179 2869 1342 2926 conficiendi
1355 2870 1442 2942 gratia
1464 2868 1639 2926 admiserant.
1653 2874 1707 2945 Ego
1727 2895 1779 2931 au.

951 2961 1008 3013 tem
1023 2995 1031 3021 ,
1044 2951 1116 3025 quod
1129 2950 1161 3002 de
1171 2956 1342 3022 pentametro
1362 2946 1407 2998 hic
1427 2946 1542 3012 menni,
1563 2965 1646 3018 quum
1658 2948 1705 3002 diu
1720 2971 1776 3008 non

951 3031 1016 3082 satis
1034 3027 1209 3082 attendissem
1224 3064 1231 3090 ,
1245 3023 1274 3075 in
1294 3022 1410 3095 propriis
1423 3021 1505 3072 etiam
1526 3022 1691 3078 carminibus
1711 3045 1755 3081 me

948 3105 1059 3158 tametsi
1079 3121 1140 3156 raro
1161 3098 1330 3164 admodum,
1356 3096 1389 3150 ab
1413 3097 1500 3167 elegia
1520 3099 1666 3170 augustea
1686 3071 1778 3160 aetatis,

950 3181 1107 3245 aberrasse,
1126 3175 1237 3230 tandem
1271 3172 1513 3239 animadvertens,
1530 3172 1560 3225 in
1590 3172 1632 3227 bis
1663 3177 1775 3249 quidem

949 3267 1074 3323 mutare,
1098 3272 1179 3326 quam
1199 3255 1370 3325 pentametro
1392 3247 1469 3302 nullo
1488 3257 1621 3304 commate
1638 3249 1719 3309 finite
1740 3257 1776 3310 ab

949 3329 1149 3407 exemplaribus
1170 3327 1237 3380 uicis
1257 3325 1428 3397 discrepare,
1449 3323 1553 3392 malui3
1574 3343 1624 3378 nec
1644 3330 1717 3382 enim
1738 3332 1774 3386 ad

951 3412 1101 3463 Graecorum
1122 3403 1252 3476 reliquias
1262 3399 1306 3454 hie
1327 3400 1395 3454 mihi
1415 3399 1644 3472 confugiendum,
1662 3405 1708 3457 sed
1728 3405 1774 3462 la.

949 3487 1022 3539 tinas
1036 3483 1125 3560 potius
1146 3477 1260 3551 elegiaci
1273 3477 1401 3530 carminis
1411 3477 1547 3550 principes
1567 3477 1714 3535 imitandos
1727 3502 1774 3539 rc-

948 3563 1053 3636 pntavi.
1075 3563 1110 3611 at
1129 3557 1157 3610 in
1181 3555 1403 3607 Germanicorum
1423 3561 1564 3626 poetarum
1594 3551 1690 3626 elegiis
1709 3577 1773 3612 rer-

947 3638 1056 3705 tendis,
1074 3631 1146 3708 quod
1164 3631 1263 3684 harum
1284 3637 1406 3682 auctores
1419 3647 1474 3680 non
1494 3628 1644 3698 vitassent,
1657 3629 1772 3690 fortasse
1785 3633 1791 3641 ’

947 3715 1051 3780 etiam,
1072 3709 1143 3786 quod
1162 3707 1196 3760 de
1215 3705 1356 3777 Solilegcle
1374 3703 1483 3758 facilius
1505 3704 1661 3774 crederem,
1681 3727 1773 3766 amas.

947 3801 1022 3859 sent,
1041 3789 1070 3842 id
1089 3805 1140 3840 nec
1160 3781 1227 3836 mihi
1241 3783 1386 3854 interpreti
1398 3779 1544 3848 001000100ος
1565 3781 1632 3854 quin
1652 3783 1773 3842 idcoaut

945 3867 1009 3921 illos
1028 3863 1126 3918 bacin
1144 3879 1174 3914 re
1193 3859 1333 3934 probarem
1346 3865 1412 3924 ,aut
1428 3857 1456 3908 in
1478 3857 1642 3928 germanicis
1656 3862 1771 3936 antiquo

945 3952 1033 3996 metro
1063 3935 1159 4012 elegiis
1184 3934 1293 4007 magis,
1313 3951 1395 4005 quam
1415 3932 1445 3986 in
1466 3932 1578 4000 latinis,
1600 3953 1615 3987 a
1639 3934 1749 3993 Tibulle

942 4017 1083 4094 Propertio
1104 4024 1133 4068 et
1152 4011 1248 4066 Ovidio
1262 4007 1455 4063 discedendum
1472 4027 1528 4064 esse
1539 4009 1695 4069 arbitrarer.
1761 3981 1770 4012 ²

72 4177 186 4254 Virgilii
202 4215 210 4242 ,
222 4175 282 4227 AEss.
294 4177 311 4224 8
323 4211 333 4236 ,
344 4175 398 4222 319
411 4207 418 4231 ,
432 4163 467 4216 ad
479 4179 607 4226 aureum,
620 4161 741 4210 ut‘rocat
755 4151 879 4225 Schlegel
891 4192 899 4220 s
979 4167 1021 4223 ad
1041 4165 1122 4220 rerba
1143 4182 1204 4235 qaae
1218 4161 1332 4235 Thybris
1347 4189 1379 4200 —-
1390 4163 1499 4230 recepit
1518 4157 1553 4216 e'i.
1573 4159 1651 4230 Virg.
1671 4163 1772 4237 010018,-

74 4278 98 4332 ‘J

74 4339 208 4388 Saturnus
229 4322 336 4397 egebat.
356 4321 397 4371 De
417 4321 485 4372 Jano
506 4311 697 4384 cognominem
711 4307 736 4359 ei
757 4314 900 4372 montem,

92 4255 214 4319 ’1151191ῃο
227 4254 353 4320 (1901113
368 4285 376 4309 ν
389 4247 445 4296 ⁵3⁸
457 4280 464 4306 ν
478 4233 660 4291 1111115111ῃο
672 4231 756 4285 litam
769 4230 798 4282 in
817 4228 900 4282 111111
940 4253 976 4302 86
990 4287 997 4312 ,
1009 4245 1100 4298 locum
1113 4239 1145 4292 de
1166 4237 1256 4290 Tiberi
1276 4237 1389 4288 AEneam
1409 4237 1549 4308 recipente
1561 4276 1569 4303 ,
1579 4250 1660 4308 quem
1674 4239 1772 4297 Schle-

941 4322 985 4396 gel
1006 4319 1040 4374 ad
1060 4317 1128 4371 ostia
1148 4311 1252 4366 Tiberis
1272 4309 1435 4364 subeuntem
1455 4311 1564 4364 heroem
1593 4318 1768 4376 transtulisse

73 4404 235 4467 ianiculum
248 4441 255 4466 ,
268 4402 418 4469 occupante
429 4390 531 4466 pariter
546 4375 728 4441 multaiama.
743 4383 781 4436 Ex
790 4373 902 4450 ovidio,
940 4395 1050 4454 videtu,-
1061 4435 1068 4464 ,
1082 4410 1136 4466 quo
1146 4387 1279 4444 trahenda
1291 4428 1301 4457 ,
1311 4405 1370 4461 qua
1380 4387 1515 4462 Virgilius
1525 4391 1585 4444 din,
1599 4395 1612 4442 t
1624 4429 1633 4457 ,
1649 4399 1695 4448 ³6.

72 4489 150 4542 Fast.
164 4490 178 4534 1
193 4522 201 4549 ,
214 4483 270 4532 246
282 4515 289 4543 ,
300 4472 335 4527 ad
346 4488 404 4524 rem
414 4466 535 4542 pertinet
548 4486 555 4520 r

71 4651 127 4711 Arx
138 4670 202 4708 mea
215 4645 294 4704 collis
307 4648 380 4708 erat,
392 4657 473 4714 quem
493 4631 596 4690 cultrix
615 4629 724 4684 nemine
735 4633 829 4680 nostre

108 4721 257 4801 Nuncupat
276 4719 424 4785 10000100,
438 4711 650 4782 Janiculumque
660 4713 748 4761 vocat.

10 4929 11 4952 0
109 4892 151 4944 Aa
169 4897 235 4962 pag.
256 4879 398 4952 l,serieim
418 4877 496 4933 0.Βο
516 4867 639 4926 Evandro
652 4908 660 4934 ,
673 4874 701 4920 et
717 4861 851 4928 Hercule,
867 4859 902 4917 ab

70 4968 123 5022 illo
139 4966 170 5020 in
182 4970 274 5016 0000010
286 4955 410 5012 Palatino
420 4947 533 5024 hospitii
545 4963 618 5000 more
638 4950 748 5015 excepto
760 4981 767 5006 ,
780 4938 902 5009 insignes

70 5043 126 5098 loci
158 5048 224 5096 sunt
252 5034 320 5090 Livii
334 5042 366 5102 ,1
381 5023 570 5098 ‚7,Virgilii,
583 5023 644 5076 AEn.
659 5026 690 5084 8,
705 5024 759 5071 333
780 5024 807 5068 et
830 5023 905 5082 359,

72 5117 186 5186 Ouidii,
207 5116 336 5182 10001,
355 5114 423 5184 420,
441 5108 482 5162 De
504 5103 573 5156 Caco
587 5095 717 5170 ,latrone
739 5101 767 5147 et
785 5101 905 5148 monstro

979 4549 1021 4606 Ad
1040 4547 1140 4604 mundi
1159 4543 1243 4618 fetas
1263 4542 1381 4610 imperio
1401 4542 1524 4607 cineres,
1539 4543 1772 4600 Romamscilicet

942 4626 1053 4699 eTrojae
1072 4624 1184 4686 cinere,
1206 4618 1261 4671 sive
1281 4616 1390 4689 Trojam
1403 4615 1432 4668 in
1456 4617 1541 4670 Roma
1560 4631 1770 4692 resurgentem,

940 4707 1017 4762 locus
1036 4695 1183 4772 Propertii,
1205 4699 1329 4761 4,1‚51
1346 4731 1353 4760 ,
1374 4691 1425 4746 Ilia
1445 4691 1529 4746 tellus
1549 4693 1640 4766 rivet,
1657 4704 1685 4748 et
1703 4695 1770 4752 huie

942 4778 1027 4838 cineri
1039 4775 1148 4850 Jupiter
1168 4789 1244 4826 arma
1258 4767 1344 4824 dabit.

974 4927 1017 4984 Ad
1035 4940 1127 4978 muros
1140 4923 1230 4974 Romae
1250 4933 1378 4984 vomere,
1398 4911 1503 4968 solenni
1524 4911 1563 4966 in·
1573 4911 1687 4972 urbibus
1703 4937 1771 4979 con.

943 5001 1078 5060 sacrandis
1103 5016 1199 5064 more,
1218 4993 1373 5081 designatos
1392 4989 1467 5044 lacus
1487 4989 1598 5058 Ovidii,
1626 4993 1703 5050 Post.
1722 5005 1771 5071 4,

944 5089 1018 5151 825,
1047 5093 1173 5152 premens
1203 5080 1301 5126 stiram
1331 5065 1484 5140 (Romulus)
1517 5064 1644 5141 designat
1669 5075 1774 5137 mesaia
