3874 5726
999 340 1041 403 ³2

194 476 196 485 ·
217 447 374 510 inclinans
384 447 493 512 ratini
507 466 582 508 cura
595 449 831 525 srrsnrra'unpirt.
846 445 852 456 ⁴
1079 445 1177 509 Prima
1188 451 1296 528 jocans
1307 431 1321 526 ‚¹
1331 445 1424 512 larrtc'
1434 451 1444 510 l
1454 451 1594 526 dixerat,
1607 470 1624 509 o
1637 451 1750 531 superi.

86 595 89 618 φ
174 531 252 594 llinc
262 531 337 610 felir
351 529 429 590 milri
445 551 509 587 sors
527 529 606 598 lecto
619 529 764 592 Faustina
781 529 914 590 libenter
1036 531 1165 591 lleroem
1180 532 1361 592 benenosco
1374 553 1490 594 meum.
1502 533 1596 610 Nugis
1613 539 1800 612 tragicorum

215 615 288 687 Quae
300 614 385 674 foret
398 659 406 685 ,
419 613 566 672 in'tidum
583 621 686 672 sancta
700 612 837 690 colitque
852 610 958 672 fidem.
1078 614 1242 676 Ludimur!
1255 613 1397 691 beroem,
1407 617 1471 677 heu
1482 661 1490 689 ,
1502 636 1573 676 mox
1583 617 1665 676 ridet
1676 639 1740 680 esse
1750 623 1855 683 suum!

174 697 340 759 Ardentem
355 698 502 769 ¹iuvenem
513 697 602 771 juvat
616 713 795 772 expugnare
813 701 921 770 negata
935 713 950 763 ς
1037 695 1300 756 Sexcentis'lcvior
1312 697 1446 760 Vulcani
1461 699 1601 778 partibus
1614 700 1660 758 ira
1711 766 1714 776 ¹

216 778 380 844 Commoda
396 797 536 836 securum
549 797 598 837 rne
611 786 642 835 et
652 779 799 836 diuturna
814 775 906 834 bona.
1078 781 1140 838 Sub
1156 781 1241 839 tenui
1256 801 1384 840 uxorem
1396 791 1461 841 rete
1472 781 1607 842 videntis
1621 792 1711 856 erat,

176 859 202 918 0
218 857 271 918 nos
283 860 404 920 Felices!
424 881 478 918 nos
487 858 587 918 oscula
603 868 685 928 tutu,
702 859 836 918 vicissim
1036 861 1172 920 Robusto
1183 871 1320 921 teneram
1337 883 1434 941 quum
1446 883 1556 924 nexam
1566 865 1699 923 involvit
1710 869 1810 926 amico
1822 915 1832 945 ‚

204 941 324 1010 ,Nostra
338 943 474 1002 animam
497 951 529 1001 et
550 941 646 1002 vitam
662 942 800 1020 dantque
824 939 1001 1016 bibuntque
1078 943 1223 1004 Dulcibus
1236 965 1253 1004 e
1267 944 1378 1004 vinclis
1393 947 1510 1005 solvere
1522 947 1659 1018 membra
1674 969 1802 1024 negans.

902 1020 1000 1080 labra.
1037 1025 1166 1086 Stabant
1179 1025 1343 1086 llercurius
1358 1025 1478 1108 juvenis
1492 1029 1693 1106 Bacchusque
1706 1025 1805 1104 beati,
1861 1033 1865 1044 ⁴

177 1105 226 1166 Sic
237 1125 298 1164 nor
310 1104 400 1184 longa
410 1105 561 1178 beat‚sic‚
570 1114 693 1184 pectora
697 1107 805 1183 juncta
817 1103 1001 1182 prementes,
1077 1109 1095 1168 J
1098 1118 1220 1168 orantes
1231 1109 1336 1184 ambo,
1352 1111 1512 1190 pulchrius
1525 1131 1589 1169 esse
1604 1111 1704 1183 nihil,

216 1188 380 1262 Audimus,
390 1189 476 1246 renti
489 1197 523 1245 ut
531 1187 684 1266 grandine
696 1197 726 1246 et
737 1189 837 1246 imbre
848 1185 997 1245 fromunt.
1035 1191 1213 1269 Talisquam
1224 1211 1340 1270 sponsae
1350 1195 1543 1272 requiescere
1553 1204 1685 1271 pectore.
1697 1191 1858 1266 Nondum,

173 1267 222 1330 Sic
237 1269 364 1329 lucescit
378 1289 482 1341 mane,
499 1271 587 1330 novis
603 1291 679 1328 nova
695 1268 820 1328 floribus
836 1315 845 1340 ,
862 1267 946 1329 horte
1078 1273 1188 1346 Solve,
1203 1273 1304 1348 bone,
1320 1275 1450 1340 orabant
1460 1322 1469 1351 ‚
1483 1275 1626 1352 Lemnic;
1646 1297 1741 1338 suave
1756 1277 1857 1335 nimis.

218 1351 842 1426 Qubsfestaetulerunt,itdecoratadies.
1034 1355 1172 1417 Dedecus
1202 1366 1234 1416 at
1258 1357 1427 1438 ¹proprium
1464 1367 1605 1416 temnens
1631 1368 1717 1418 tenet
1745 1359 1859 1416 arctius

171 1430 269 1492 Felici
284 1455 340 1507 ue,
353 1434 468 1509 lloma,
488 1433 567 1492 mihi
584 1436 623 1492 sis
636 1433 741 1494 invida
755 1459 761 1494 :
778 1436 893 1513 cuique
1546 1491 1558 1510 ‚
1763 1460 1861 1520 usque

212 1517 269 1576 llet
281 1515 364 1578 bona
378 1525 529 1587 terraram
544 1517 706 1598 prImaque
718 1527 750 1576 et
762 1517 825 1580 ima
841 1520 916 1578 deus
1077 1517 1183 1578 Vincla
1195 1540 1287 1580 senex
1299 1543 1306 1594 3
1321 1519 1412 1581 furiis
1425 1519 1518 1582 Fame
1533 1521 1587 1580 scd
1600 1530 1667 1582 acta
1681 1521 1777 1600 fugit.

553 1611 628 1712 XIX'
1036 1601 1078 1662 Ex
1090 1601 1145 1659 illo
1158 1601 1242 1661 binis
1254 1602 1308 1662 irae
1318 1605 1384 1666 sine
1394 1601 1457 1662 fine
1467 1602 1633 1682 flagrantes
1648 1625 1656 1662 ε

1078 1685 1173 1758 Quem
1188 1684 1264 1762 legit
1277 1685 1330 1744 illa
1344 1686 1467 1756 virum,
1483 1694 1632 1765 protenus
1646 1693 1736 1762 urget
1749 1687 1862 1760 Amor5

170 1765 237 1828 Non
251 1765 345 1828 facile
357 1765 444 1846 vulgi
457 1767 595 1844 iugimus
607 1767 746 1826 convicia
760 1809 768 1837 ,
779 1767 874 1828 Fama
1037 1767 1104 1842 Qun
1118 1787 1207 1845 mage
1219 1769 1288 1844 quis
1299 1767 1373 1832 colit
1382 1767 1481 1840 hane,
1497 1769 1587 1830 citius
1598 1767 1726 1827 falletur
1738 1768 1777 1824 ab
1791 1767 1860 1844 ille;

213 1849 290 1910 llam
305 1894 313 1924 ‚
326 1851 411 1921 scin,
427 1869 498 1908 cnm
520 1849 647 1910 domino
660 1858 778 1928 pugnat
793 1855 905 1910 Amore
919 1869 1000 1910 meo.
1079 1849 1136 1923 Qui
1153 1869 1240 1927 mage
1255 1859 1368 1927 castus,
1380 1851 1412 1909 in
1422 1845 1510 1910 hunc
1521 1850 1633 1911 fortior
1645 1848 1743 1908 hostis
1758 1851 1832 1911 crit.

171 1932 272 1992 vosne
282 1933 392 2000 etiam,
410 1934 525 1992 irarum
536 1953 676 2010 quanam
691 1933 730 1990 sit
741 1975 749 2002 ‚
759 1934 875 2008 nostis,
889 1930 1001 2012 origo?
1036 1931 1198 1994 Fidentem
1214 1931 1350 2010 fugisse,
1364 1932 1430 2010 agit
1440 1933 1474 1992 in
1489 1935 1595 2014 pejora
1604 1957 1613 2010 3
1630 1931 1749 2011 puellas

212 2015 264 2074 Est
276 2023 366 2074 retus
378 2015 509 2076 historia
531 2014 618 2088 baec,
642 2033 754 2093 meque
771 2014 889 2074 referre
900 2012 999 2098 jurat.
1077 2009 1230 2086 adducit,
1243 2014 1365 2092 sapiens
1378 2015 1433 2092 qui
1448 2016 1535 2075 male
1543 2017 1654 2075 temnit
1668 2035 1718 2074 ens
1735 2059 1744 2082 ,

173 2097 251 2157 Diva
263 2106 371 2176 potens
383 2118 522 2174 semper,
537 2099 589 2156 sed
604 2107 671 2156 crat
683 2095 762 2154 male
774 2106 861 2174 grata
874 2098 1001 2172 sodalis;
1036 2094 1095 2154 Hic
1105 2096 1230 2155 demum
1243 2097 1313 2154 diro
1333 2096 1401 2155 telis
1412 2096 1543 2158 ferietur
1554 2099 1593 2158 eb
1605 2116 1678 2158 arcu
1694 2143 1704 2168 ,

213 2178 350 2240 Primum
367 2201 502 2258 namquo
516 2181 615 2240 libens
630 2179 750 2240 obtinet
764 2197 816 2237 ore
828 2178 941 2240 locum.
1079 2178 1178 2256 Inque
1191 2179 1240 2237 vir
1253 2179 1327 2256 igne
1340 2180 1424 2237 viros
1435 2224 1444 2254 ‚
1457 2180 1492 2239 in
1503 2201 1597 2260 pecus
1606 2182 1682 2257 igue
1692 2179 1768 2237 ruit.

153 2257 322 2322 'Omnibus
336 2263 410 2321 lrinc
425 2265 539 2332 omnis,
553 2261 672 2338 magnis
682 2260 848 2339 parvisque
870 2262 1000 2324 deorum
1036 2261 1133 2334 Quem
1157 2261 1269 2340 pudet,
1301 2263 1401 2320 acrius
1426 2264 1490 2322 urit
1508 2289 1531 2341 ‚·
1546 2265 1721 2340 acerbaque
1747 2258 1862 2337 gaudia

216 2345 317 2404 AEruta
335 2365 454 2422 semper
468 2365 544 2403 voce
558 2344 661 2404 odiosa
673 2342 744 2404 luit.
1640 2341 1643 2348 '
1721 2347 1864 2417 crimen,

174 2427 223 2486 sie
233 2427 317 2487 lovis
327 2428 469 2489 eximiam
486 2425 626 2505 prolem,
640 2424 915 2506 jactaveratolim,
1077 2422 1214 2482 Illorbum
1229 2423 1424 2483 dissimulans
1435 2469 1444 2498 ‚
1454 2427 1565 2488 anxius
1575 2428 1658 2486 inter
1670 2426 1739 2486 alit.

215 2509 252 2567 ln
268 2529 322 2567 sua
337 2529 368 2568 se
383 2517 480 2566 totum
496 2509 608 2568 dedere
618 2507 754 2568 servitiu.
1037 2507 1091 2568 Ast
1105 2505 1202 2565 oculis
1218 2525 1343 2585 quoque
1357 2507 1430 2568 dira
1443 2509 1533 2569 illum
1554 2519 1586 2569 et
1605 2511 1718 2590 premit
1734 2509 1863 2566 auribus
1926 2513 1927 2516 ’

174 2589 1000 2670 Clavigerumquandoquemeumtibireddoreuatum,
1721 2590 1858 2667 instaus5
1926 2571 1927 2638 l

215 2675 227 2752 (
239 2675 287 2732 Sic
301 2673 433 2736 iterabat
445 2693 556 2750 orans,
569 2675 581 2750 )
592 2693 609 2732 o
619 2689 762 2751 superum
775 2672 917 2748 genitor!
1077 2667 1178 2746 lltque
1189 2668 1282 2728 semel
1297 2677 1399 2729 tecum
1411 2669 1503 2746 vidit,
1522 2672 1630 2752 iniqua
1644 2689 1777 2748 sequeus
1789 2718 1800 2750 ‚

171 2755 241 2818 lion
255 2753 345 2814 illum
360 2753 503 2828 Alciden,
521 2755 665 2816 Alcmena
680 2755 734 2831 qui
744 2755 801 2812 tibi
811 2765 921 2833 nutus3
1037 2749 1157 2829 Oraque
1169 2760 1199 2810 tc
1210 2754 1327 2830 spernit
1341 2797 1349 2822 ,
1367 2753 1454 2813 voltu
1468 2763 1625 2834 terretque
1640 2773 1765 2830 severo;

212 2839 311 2900 Terrae
326 2880 333 2904 ,
349 2859 397 2896 me
409 2858 579 2910 venerare,
599 2837 686 2896 audit
699 2839 732 2894 in
746 2838 820 2896 orbe
830 2839 915 2898 deus.
1033 2867 1036 2876 ‹
1080 2831 1226 2910 Saevaque
1239 2834 1395 2906 diffamat,
1409 2851 1501 2914 quam
1514 2835 1672 2910 colitille,
1687 2835 1830 2895 domurn.

171 2917 251 2991 llere
261 2919 357 3000 patris
369 2930 506 3000 spectare
518 2940 601 2998 genu
615 2963 624 2989 ,
646 2940 742 2998 quum
758 2929 876 3000 spectat
896 2921 1016 3002 Olymss·
1039 2917 1088 2977 Sic
1098 2915 1177 2975 mibi
1187 2915 1223 2975 fit
1234 2935 1376 2995 quoque;
1388 2913 1449 2998 jam
1460 2919 1587 2998 paulurn
1598 2938 1740 3000 premor3
1753 2919 1862 2978 invida
1925 2999 1926 3002 Ἴ

736 3019 739 3026 ·
902 3023 1000 3084 pu1n3
1236 3025 1239 3032 ²
1692 3019 1766 3060 nam
1788 3023 1863 3072 mc,

216 3083 333 3158 Solam,
347 3105 423 3164 pace
438 3092 508 3160 tun,
525 3085 653 3164 suspicit
666 3083 834 3144 aetheream
961 3093 965 3100 '
1078 3079 1198 3137 Arcana
1211 3077 1374 3156 inquirens
1389 3082 1423 3140 in
1437 3101 1519 3156 mea,
1534 3081 1605 3141 dira
1622 3092 1719 3142 notat.

174 3167 220 3228 tte
234 3169 328 3236 decus
340 3169 393 3228 ille
407 3171 509 3226 virum
522 3213 530 3240 ,
543 3167 628 3227 Facili
643 3169 750 3227 tritum
767 3168 846 3244 pede
856 3167 944 3229 nullo
1035 3161 1094 3222 Sed
1105 3169 1195 3221 vetus
1205 3159 1289 3232 haec,
1306 3163 1433 3223 memini
1443 3208 1455 3237 ,
1469 3163 1517 3224 lex
1532 3175 1577 3224 est
1592 3187 1598 3222 :
1614 3173 1700 3224 taceo
1714 3185 1862 3226 veneror-

205 3251 243 3322 ,ΙΙ
258 3249 347 3312 frutis
359 3296 367 3324 ,
380 3249 475 3308 solam
487 3271 536 3308 me
548 3251 732 3324 meriturus,
748 3251 819 3322 iter,
1543 3322 1545 3324 Ι
1783 3269 1860 3330 que;

175 3331 297 3392 Scilicet
311 3341 340 3392 et
353 3352 434 3394 curse
447 3341 491 3392 est
503 3333 568 3410 ejus
583 3332 661 3391 mihi
676 3351 807 3406 nomen,
826 3340 858 3390 et
872 3335 976 3412 omni,
1074 3324 1112 3384 Ul
1125 3323 1209 3406 Grajl
1218 3371 1227 3402 ,
1241 3345 1350 3408 regum
1361 3326 1405 3387 sic
1418 3331 1475 3406 eg'o
1491 3325 1571 3387 bella
1586 3325 1649 3387 luo.

217 3415 289 3488 (lucc
303 3425 409 3494 parat,
424 3413 604 3486 antevolans
614 3413 697 3472 facta
710 3412 832 3472 celebro
844 3414 904 3474 via.

148 3527 151 3532 ¹
174 3497 262 3556 llunc
273 3496 349 3556 mihi
362 3497 415 3556 des
429 3495 512 3556 olim.
528 3498 585 3569 Qui
598 3497 868 3565 vicitAmaaouas,
884 3496 967 3556 idem
1415 3462 1477 3543 XX·

216 3577 260 3639 tte
274 3581 397 3647 vincat,
413 3599 557 3657 sponsum
571 3578 703 3655 lectaque
716 3577 786 3635 dico
800 3598 914 3636 meum.
1030 3573 1061 3633 si
1074 3575 1171 3634 robur
1185 3576 1350 3655 facilisque
1360 3577 1448 3638 decet
1457 3577 1571 3637 fiducia
1586 3579 1678 3638 moris
1693 3621 1703 3650 ,
1924 3599 1925 3634 r

177 3661 321 3740 Quisquis
334 3662 441 3730 adest,
454 3670 557 3720 mutus
573 3669 660 3719 cavet
671 3660 796 3718 irritare
810 3660 975 3738 superbam
988 3683 997 3737 5
1064 3657 1121 3717 —Ah
1135 3704 1143 3732 ,
1158 3679 1247 3737 mage
1260 3679 1346 3738 paeue
1361 3659 1449 3720 decet
1466 3661 1544 3720 sciro
1559 3669 1660 3720 tacere
1670 3663 1774 3720 virum
1788 3660 1796 3720 l

217 3745 403 3802 Succensens
417 3744 532 3801 etenim
549 3743 667 3822 fingere
678 3761 781 3800 amare
797 3741 885 3802 solet.
1029 3737 1185 3800 lllurorum
1196 3741 1328 3812 victrix,
1340 3741 1470 3824 populus
1485 3763 1596 3802 arcana
1608 3743 1785 3820 gubernans
1799 3790 1809 3820 ,

176 3823 261 3886 Clam
269 3826 407 3903 jactante
421 3827 647 3884 recessitArnnr
657 3868 665 3898 ,
677 3823 876 3903 minimisque
887 3821 998 3904 puell-‘c
1072 3821 1147 3882 Cura
1161 3823 1257 3898 mihi,
1273 3825 1345 3883 vitre
1366 3825 1430 3887 dux
1444 3826 1499 3883 dea
1515 3834 1581 3883 tuta
1597 3843 1673 3884 mese
1686 3825 1707 3898 l⁴

220 3907 345 3964 Artibus
359 3907 487 3966 lleroem
499 3907 628 3966 tradidit
639 3905 801 3965 illecebris.
1031 3905 1103 3979 Quae
1116 3915 1236 3964 mutant
1250 3925 1298 3965 me
1311 3905 1374 3965 lata
1388 3905 1394 3965 l
1414 3907 1540 3966 resolvit
1554 3927 1636 3986 musa
1655 3905 1774 3986 jocosa,

177 3987 272 4050 llutat
284 3989 396 4046 deinde
408 3988 536 4064 habitu,
554 3990 749 4068 spoliumque
771 3986 868 4048 leonis
890 3997 998 4050 amatae
1073 3985 1179 4046 Clausa
1195 3987 1294 4046 malus
1308 3989 1397 4047 nobis
1414 4009 1466 4047 ora
1480 3987 1606 4047 resolvit
1620 3993 1724 4049 Amor.

220 4071 275 4130 Ilnt
290 4078 391 4146 tergo,
402 4070 494 4130 clarae
509 4072 625 4149 datque
638 4079 783 4148 gravatus
797 4091 887 4129 rinus.
933 4111 935 4115 -
1031 4069 1120 4142 Heu,
1138 4071 1203 4148 jam
1218 4069 1341 4128 difficile
1352 4080 1396 4129 est
1408 4069 1595 4130 abscondere
1607 4074 1709 4155 turpia
1731 4093 1841 4150 regum
1855 4077 1861 4134 l
1923 4097 1924 4128 r

178 4154 283 4214 llcrois
298 4152 414 4229 rigidos
428 4161 493 4211 tum
508 4154 601 4232 stipat
614 4152 690 4212 flore
701 4151 845 4231 capillus,
1074 4151 1153 4222 Quid
1168 4151 1309 4212 diadema
1323 4151 1431 4215 llidam
1444 4199 1453 4223 ,
1467 4152 1799 4234 lsydavcmitrajuvat'l

196 4307 198 4314 y
219 4236 355 4312 Datque,
370 4231 473 4315 jocum
491 4255 606 4313 pugno¹
617 4255 680 4294 non
696 4243 864 4308 renuente,
886 4231 999 4294 colum.
1033 4231 1155 4312 Detegit
1169 4243 1310 4293 extensas
1322 4235 1479 4294 servorum
1494 4237 1652 4312 proximus
1665 4257 1753 4294 aures
1768 4259 1776 4310 ;
1923 4221 1924 4313 l

178 4319 226 4379 Sic
238 4317 375 4396 lepidum
391 4317 453 4375 cito
468 4338 523 4396 par
534 4318 658 4396 junxit3
676 4317 782 4378 divina
794 4324 957 4396 patrantur
970 4361 980 4392 ‚
1077 4317 1174 4376 Anxia
1186 4326 1339 4376 secretum
1351 4362 1359 4389 ‚
1372 4337 1430 4375 nec
1442 4336 1541 4390 mora,
1558 4319 1649 4378 corda
1665 4321 1789 4398 premit.

218 4401 293 4460 Tum
307 4419 451 4478 superum
462 4403 557 4458 currit
571 4407 649 4459 tecta
663 4420 719 4479 per
730 4397 936 4475 ingeminans.
1033 4397 1071 4457 Ut
1088 4418 1120 4458 se
1129 4398 1210 4458 mole
1220 4397 1302 4458 leret
1315 4442 1323 4468 ‚
1334 4398 1410 4458 velit
1424 4399 1455 4458 id
1470 4394 1581 4461 tellure
1594 4400 1713 4460 recludi
1727 4425 1734 4473 3

178 4482 244 4542 Non
257 4481 348 4542 tellus
358 4502 393 4541 ca
405 4528 414 4556 ,
424 4502 488 4539 nou
504 4482 584 4550 ,vidit
599 4481 748 4540 miracula
764 4480 876 4541 coelum
890 4525 900 4558 ‚
1079 4480 1218 4541 Condere
1230 4501 1295 4540 rem
1307 4487 1426 4540 tautam
1441 4490 1523 4542 terra
1537 4485 1590 4542 sed
1601 4485 1667 4564 ipsa
1679 4491 1783 4562 negat.

221 4565 289 4644 Non
304 4563 347 4624 sol
363 4574 478 4624 aeterno
492 4564 572 4622 vidit
582 4565 616 4623 iu
626 4565 701 4624 erbe
712 4583 842 4635 means„
1036 4566 1209 4644 Assurgunt
1231 4582 1339 4624 carruae
1352 4607 1361 4636 ,
1375 4573 1469 4625 rento
1487 4578 1694 4646 resonantque
1714 4573 1862 4645 gemunt·
1922 4627 1923 4632 ,

179 4646 281 4720 Ecce,
304 4645 394 4707 vafro
425 4653 592 4726 properant
603 4691 616 4720 ,
639 4649 773 4726 iramque
798 4665 831 4705 os
854 4651 900 4703 est
924 4641 1004 4704 seria
1195 4653 1196 4658 ’
1715 4659 1718 4667 ’
1776 4667 1860 4726 que:
1922 4698 1923 4722 g

858 4744 861 4748 ·
886 4723 1005 4797 rantis,
1079 4728 1235 4810 longior,
1252 4747 1291 4788 en
1306 4727 1373 4807 regi
1396 4739 1460 4802 est,
1475 4730 1600 4810 longior
1614 4748 1689 4792 anre
1707 4729 1824 4791 Midas!
1922 4743 1923 4794 t

222 4809 385 4870 Credentes
406 4828 520 4890 puero,
541 4807 634 4869 Fama
654 4821 711 4870 nec
725 4811 791 4890 ipsa
804 4817 920 4871 manet·
1010 4806 1014 4818 '
1038 4812 1178 4890 At'mage
1195 4805 1328 4870 difficilis
1340 4812 1418 4870 milri
1432 4831 1516 4875 nunc
1528 4830 1576 4874 res
1596 4813 1728 4894 pulchra
1743 4822 1861 4874 tacere:

180 4892 538 4970 Huccecidisserirurn,
552 4891 648 4970 fuerit
670 4895 721 4953 cui
735 4891 845 4964 dulce,
861 4869 1017 4970 rogatis?1
1078 4885 1136 4953 Per
1153 4894 1243 4970 labra
1267 4913 1365 4978 quarn
1388 4893 1498 4974 facile,
1523 4897 1599 4972 hei,
1628 4906 1753 4977 pectora
1774 4893 1865 4976 plene

220 4971 553 5050 lunoni3Puero'risit
566 4977 664 5035 amica
678 4973 786 5036 semel.
965 4995 968 5004 ·
1056 4995 1058 5002 ·
1184 4972 1187 4978 ’
1316 4991 1346 5052 ζ
1456 4991 1459 4998 ’
1742 4971 1867 5038 fluuntl

179 5059 274 5124 Fama
297 5056 350 5120 sed
374 5066 410 5120 ut
431 5055 636 5146 pudibunda,
660 5075 772 5146 anceps
795 5065 830 5120 ut
851 5054 951 5118 stabat
973 5061 1006 5112 et
1041 5056 1180 5135 lton-ego
1194 5057 1308 5134 emico,
1329 5053 1510 5122 nonacrim
1530 5059 1716 5138 concredere
1737 5062 1868 5123 amice:

882 5138 1002 5218 exspes!
1082 5138 1247 5223 objurget,
1264 5149 1385 5223 metuo,
1397 5139 1484 5226 hsce,
1499 5143 1554 5206 ille
1565 5141 1681 5238 pericla
1694 5141 1789 5238 ferat
