3874 5726
988 315 1065 382 'xtni

168 435 208 498 ab
217 431 383 512 hooigitur
393 444 457 488 non
470 423 637 486 abstinenti
653 405 987 506 neolatinope'riciiltim
1028 424 1188 500 valuisset,
1209 423 1328 504 nescio,
1341 441 1435 504 quem
1450 441 1514 482 non
1530 415 1706 504 praestantia
1722 435 1853 507 respons-s

166 523 231 590 est,
243 529 284 578 na
303 521 443 576 mortuus
454 525 593 572 sermone
614 505 824 588 jurequodam
841 527 856 566 a
872 508 988 568 criticis
1023 519 1071 570 set
1095 501 1171 564 Latii
1185 507 1369 586 poetaritm3
1388 513 1442 565 aut
1465 505 1600 584 denique
1623 505 1752 568 facultas
1763 527 1852 576 ‘sicie-

166 601 299 660 dicalur.
323 595 486 666 Ceterum,
502 590 570 650 leve
584 587 643 648 boc
663 591 810 648 sermonis
825 589 914 668 latini
940 613 988 651 re·
1024 593 1084 652 tica
1108 576 1313 648 scribenlibus
1334 587 1434 660 deest,
1450 592 1543 666 quam
1560 589 1618 648 nisi
1636 581 1707 666 qrris
1723 581 1853 652 adferat

166 679 356 744 unctioribus
367 669 768 754 incommodummuoniam
779 692 814 732 ea
826 682 986 753 poemata,
1022 673 1062 732 ad
1077 691 1180 731 versus
1193 663 1389 749 pangendos,
1404 673 1518 728 mirum
1533 659 1673 748 profecto
1688 679 1751 732 iteri
1778 680 1825 732 est
1840 715 1853 743 ‚

165 787 184 826 θ
196 761 309 844 quibus
322 759 454 820 maxime
472 753 689 836 abstinendum
702 800 710 829 ‚
725 753 797 814 talia
810 775 873 814 esse
885 764 968 834 patet
977 803 985 831 ,
1023 752 1047 814 si
1061 749 1132 829 ,ubi
1150 765 1233 812 mens
1246 799 1252 826 ,
1267 773 1347 831 saepe
1358 768 1458 812 sermo
1472 754 1570 814 etiant
1588 751 1744 829 larrgueat.
1761 757 1856 816 Iitffia

164 857 223 919 ut,
243 843 269 903 si
290 840 340 902 vel
362 841 477 922 optima
501 837 604 897 facero
624 836 865 913 concederetur,
881 847 984 898 tamen
1021 837 1080 896 cile
1092 835 1175 895 enim
1189 839 1235 894 est
1248 845 1365 909 sitente,
1380 837 1404 893 si
1419 851 1544 906 sermo,
1566 843 1598 892 at
1622 835 1719 898 multo
1734 834 1854 898 diffisi-

164 946 274 1008 graues
285 943 383 986 causae
399 923 576 988 subessent,
593 938 649 977 eur
663 917 764 1000 potius
776 918 809 978 in
824 921 908 978 omni
923 918 985 979 alia
1020 917 1081 978 lius
1093 931 1235 978 sermone
1244 964 1251 992 ‚
1275 917 1299 974 si
1313 937 1399 976 mens
1412 917 1572 998 langueat,
1595 917 1712 991 bitere,
1728 924 1851 980 atenim

164 1029 279 1090 genere
301 1004 425 1068 laudem
450 1011 666 1080 quaereremus»
695 993 792 1072 Nam,
814 1012 849 1060 ut
873 1010 982 1062 caetera
1020 1003 1152 1072 inentis,
1176 999 1248 1059 licet
1263 1000 1422 1059 obscurius
1435 1001 1580 1077 adpareat
1587 1001 1778 1076 ,genuinam
1801 1013 1851 1062 ta.

162 1095 306 1166 mittam,
321 1086 477 1149 cornoedi'ae
499 1102 597 1144 scenae
623 1073 720 1159 magis
743 1101 835 1160 quam
856 1083 984 1144 lectioni
1019 1089 1091 1142 mea
1107 1083 1211 1152 decos,
1228 1081 1376 1141 sermonis
1390 1075 1498 1144 contla
1520 1075 1727 1144 soliusinanis
1740 1095 1849 1146 astaus

163 1177 392 1254 componuntur
402 1192 410 1241 ι
421 1167 533 1227 latinas
544 1174 646 1224 atatem
668 1179 758 1224 nemo
770 1184 861 1224 sanus
871 1165 934 1245 jam
949 1169 982 1226 iu
1018 1168 1106 1226 tatis).
1699 1231 1703 1245 y

164 1273 288 1318 scenam
301 1250 538 1314 ferrevoluerit
550 1250 730 1324 Quanquam
744 1269 805 1328 trop
822 1267 870 1306 me
881 1249 981 1326 fugit,
1061 1247 1112 1307 28.
1131 1248 1232 1323 Atque
1247 1245 1314 1326 haja
1326 1243 1429 1304 omnia
1441 1291 1452 1320 ,
1463 1246 1534 1324 q‘uis
1555 1237 1695 1323 dubitet,
1712 1238 1786 1326 'quin
1805 1251 1851 1310 cle

161 1338 248 1423 quod
261 1339 293 1396 in
309 1333 457 1397 comoedia
472 1330 702 1406 incommodum
713 1329 868 1388 ceruimus
880 1368 888 1398 ,
900 1331 983 1390 idem
1019 1332 1119 1410 poetis
1130 1325 1294 1386 recentiori
1309 1327 1411 1405 lingua
1423 1329 1488 1386 usis
1510 1330 1638 1405 perinde
1649 1378 1657 1405 ,
1668 1350 1704 1388 ac
1716 1333 1753 1390 de
1766 1347 1851 1390 treo-

161 1423 197 1484 in
217 1417 279 1482 alio
293 1421 386 1480 eliam
407 1425 520 1496 genere
531 1423 693 1472 occurrere
705 1457 712 1486 ,
726 1433 836 1490 nempe
850 1413 984 1471 ubicuns-
1019 1411 1142 1478 latinis,
1159 1419 1243 1470 recle
1254 1405 1459 1470 adfirmentur
1470 1407 1483 1469 ?
1496 1410 1647 1469 Nimirum
1665 1433 1722 1471 nec
1734 1412 1766 1472 in
1780 1415 1851 1474 illis

163 1525 225 1584 (1¹¹⁰
238 1500 293 1564 illa
313 1504 386 1560 ⁸11¹st
399 1485 592 1563 exhibenda,
609 1504 734 1574 propter
747 1515 816 1578 quse
828 1503 858 1553 et
872 1499 985 1555 comec-
1019 1494 1163 1552 omnibus
1177 1493 1285 1552 eadem
1306 1501 1352 1552 est
1367 1496 1420 1553 aut
1435 1485 1552 1570 ingenii
1572 1497 1626 1552 adt
1641 1495 1753 1574 poetici
1777 1517 1851 1556 ser-

162 1587 230 1646 dias
253 1604 317 1644 non
330 1577 494 1641 tentandas
514 1576 735 1656 existimamus.
748 1581 808 1654 Ac,
822 1597 861 1652 ne
881 1580 913 1636 in
931 1597 985 1638 no·
1020 1579 1120 1636 moni,
1144 1575 1295 1644 facum„
1326 1591 1428 1654 „eque
1451 1577 1559 1634 ggdgm
1578 1593 1633 1654 p„
1647 1578 1691 1650 ,n
1712 1578 1848 1654 singulis

159 1667 299 1730 minibus
310 1663 485 1726 laboremus
499 1684 507 1720 s
519 1658 602 1738 quod
613 1657 652 1718 de
668 1660 817 1719 comoedia
830 1653 977 1735 diximus,
1020 1644 1204 1718 exhibendis
1226 1657 1372 1716 dictionis
1390 1659 1496 1734 vigor}
1519 1657 1579 1715 nisi
1594 1649 1676 1718 forle
1692 1661 1771 1718 nihil
1794 1663 1814 1720 d
1821 1662 1849 1720 i·-

161 1751 256 1810 latius
269 1749 313 1809 sic
326 1743 591 1827 pronuntiandum
604 1741 983 1819 erit,essealiquammo·
1021 1746 1155 1816 coruus,
1187 1741 1270 1799 inler
1305 1747 1455 1798 nostrates
1485 1739 1716 1819 plurimorum,
1754 1744 1845 1804 velut

161 1835 206 1894 ris
217 1841 247 1892 et
258 1831 331 1890 vitae
339 1826 528 1908 quotidianas
543 1825 624 1902 apud
636 1825 822 1884 recentiores
842 1834 980 1903 partem,
1021 1818 1162 1899 Gleinril,
1180 1817 1256 1896 Uati,
1272 1841 1334 1902 pne
1348 1820 1490 1882 Sohilleri
1505 1842 1675 1882 sermonem
1695 1837 1845 1888 eneruem

161 1917 215 1976 cui
235 1913 342 1974 vivide
363 1907 527 1990 lepideque
553 1906 760 1986 exprimendae
781 1906 917 1966 latinitas
932 1927 984 1966 ve-
1020 1905 1086 1965 fere
1111 1906 1261 1982 tardeque
1286 1903 1437 1964 fluentem
1448 1904 1623 1985 arguentes.
1643 1905 1747 1984 Neque
1765 1921 1845 1968 'varo

160 2005 244 2058 tosta
255 1997 308 2056 vix
327 2001 381 2052 aut
391 2008 590 2070 nequaquam
604 1989 745 2048 sufficiat.
759 1991 807 2050 An
821 2009 894 2049 vero
915 1989 984 2049 hacc
1019 1983 1080 2046 alia
1102 1997 1147 2046 est
1160 1987 1296 2067 ipsorum
1312 1995 1471 2062 ueterum,
1491 1996 1523 2045 ut
1538 1989 1727 2058 monuimus,
1741 1993 1842 2064 ratiis,

158 2083 242 2160 justa
264 2078 304 2136 sit
323 2095 434 2146 causa,
454 2091 510 2131 cur
527 2067 625 2150 poesis
645 2070 799 2132 nesslatina
821 2081 876 2130 aut
896 2073 983 2130 dam·
1020 2079 1121 2148 neque
1136 2087 1199 2128 esse
1219 2077 1330 2148 petest.
1344 2069 1380 2126 Et
1395 2068 1454 2128 hoo
1468 2068 1594 2146 quidem
1610 2073 1642 2127 in
1663 2076 1846 2149 superanti.

160 2161 266 2224 nanda
290 2164 344 2218 aut
356 2153 542 2234 negligenda
558 2153 718 2224 uideatur,
747 2151 830 2214 infra
847 2149 908 2213 erit
933 2153 982 2212 di·
1018 2151 1076 2210 bus
1092 2155 1165 2210 satis
1175 2197 1183 2230 ,
1197 2151 1249 2210 sed
1264 2149 1377 2209 clarius
1396 2151 1579 2230 adpareret,
1606 2153 1630 2209 si
1651 2163 1712 2212 noh
1728 2155 1847 2214 melia.

158 2241 310 2327 ‘pidemli
321 2239 545 2320 ⁰PP⁰¹¹¹¹¹¹il³b
1020 2254 1069 2292 res
1084 2235 1189 2310 modo,
1200 2235 1262 2291 imo
1277 2233 1343 2291 fere
1361 2233 1469 2314 optimi
1492 2253 1554 2294 suae
1569 2232 1702 2312 quisque
1715 2241 1816 2296 tctatis
1834 2288 1844 2317 ‚

203 2323 320 2386 27.Sed
331 2324 413 2382 enim
425 2317 502 2398 quid
513 2316 572 2376 sibi
581 2314 690 2374 volunt
701 2315 840 2374 vividum
848 2307 982 2375 calorem
1018 2317 1058 2375 ad
1075 2335 1129 2374 nos
1148 2316 1378 2395 pervenissentt
1399 2333 1507 2376 verum
1517 2314 1567 2376 vel
1585 2313 1618 2374 in
1631 2317 1680 2374 hts
1698 2336 1845 2382 sernum

162 2409 308 2468 universe
321 2407 355 2464 in
379 2403 477 2484 poetis
499 2395 663 2458 neolatinis
679 2398 782 2457 deesse
794 2407 957 2476 querentes
971 2445 980 2474 ,
1018 2397 1200 2476 languentes
1213 2397 1306 2457 facile
1317 2397 1595 2474 deprehendimus,
1608 2405 1844 2478 comparatione

161 2509 267 2569 neque
289 2487 373 2546 idem
397 2486 430 2544 in
443 2479 591 2559 Virgilio,
616 2481 756 2549 lloratio,
782 2491 813 2538 et
839 2473 983 2558 elegiacis
1019 2487 1089 2539 curn
1108 2481 1236 2562 Virgilio
1259 2480 1385 2540 Horatio
1404 2481 1534 2558 allisque
1548 2481 1701 2544 instituta.
1726 2483 1770 2543 De
1787 2507 1843 2544 re-

126 2615 128 2622 ι
160 2573 370 2633 Romanorum
385 2564 588 2644 scriptoribus
600 2563 614 2622 'l
628 2558 702 2621 Nam
717 2563 771 2640 qui
785 2561 838 2642 hic
858 2583 982 2641 quoque
1019 2564 1209 2621 beatioribus
1225 2572 1328 2621 autem
1345 2563 1448 2621 multis
1462 2562 1493 2622 in
1511 2563 1675 2623 Germania
1690 2565 1750 2625 hoo
1770 2564 1841 2644 ipso

159 2663 293 2714 mortem
305 2650 364 2712 sibi
377 2647 519 2725 fingunt,
532 2665 583 2703 eos
598 2646 673 2722 quid
689 2643 812 2703 doceam
824 2687 832 2715 ,
846 2665 907 2703 non
923 2645 982 2704 ha·
1019 2653 1155 2725 tortrpore
1166 2639 1362 2718 florentibus,
1375 2655 1428 2704 aut
1439 2665 1538 2725 nuper
1550 2648 1695 2706 extinctis
1708 2690 1717 2717 ,
1732 2649 1841 2711 adfec.

159 2737 238 2813 beo,
253 2733 327 2806 nisi,
339 2739 393 2791 aut
407 2730 544 2788 infausto
558 2725 596 2786 ad
607 2725 704 2806 poesis
721 2728 783 2785 vim
799 2737 829 2785 et
842 2721 982 2806 pulchri·
1018 2721 1079 2786 lata
1093 2727 1230 2786 dictione
1243 2727 1414 2806 eademque
1426 2737 1572 2806 tanquam
1582 2727 1746 2804 caliginosa
1761 2753 1841 2809 gau-

158 2819 304 2879 tudinem
326 2813 517 2874 sentiendam
544 2808 643 2868 sidere
661 2817 759 2882 natos,
781 2818 834 2867 θυι
847 2809 886 2867 ad
898 2819 983 2868 uete-
1018 2810 1177 2879 dentibus,
1192 2822 1296 2868 attrahe
1307 2809 1463 2870 uerissime
1476 2810 1593 2870 diceres
1607 2813 1669 2884 ,ita
1684 2811 1739 2870 hos
1754 2835 1843 2873 esser.

157 2921 231 2961 rum
258 2899 425 2958 lectionem
455 2904 616 2974 poetarum
645 2912 706 2949 aun
743 2893 815 2948 satis
844 2893 980 2949 eruditus
1016 2893 1541 2971 vessermonemarcidosqneesso,
1567 2903 1600 2953 ut
1622 2895 1719 2968 magis
1734 2899 1842 2958 nortla-

79 3009 81 3016 ’
158 2985 505 3066 paratosqueesse,aut
530 2975 664 3052 (tortique
686 2972 869 3032 exaliorum
898 2972 980 3054 judi-
1017 2975 1076 3032 tini
1101 2979 1281 3053 nequeant?
1303 2977 1396 3054 Atqui
1418 2971 1464 3032 illi
1487 2983 1687 3035 nonrnortua
1709 2978 1837 3057 lingua,

145 3068 223 3138 sio,
234 3071 286 3124 θυι
298 3063 443 3122 oesthetioo
457 3067 608 3138 systemate
629 3075 691 3113 non
712 3053 806 3114 lectos
822 3055 978 3116 damnare.
1017 3057 1111 3115 sedet
1126 3078 1179 3116 sua
1194 3066 1224 3116 et
1237 3069 1273 3114 eo
1288 3064 1425 3134 ternpore
1440 3059 1486 3116 usi
1501 3067 1587 3133 suist,
1602 3078 1663 3138 quo
1681 3079 1695 3115 θ
1718 3082 1840 3124 summa

157 3148 234 3208 0¹¹¹ss
244 3144 402 3223 hlilgllur
415 3139 593 3200 lUssldfldUffl
607 3157 669 3196 ¹¹0⁰
688 3146 733 3196 etl
748 3145 877 3214 ‚ulpute
902 3159 979 3216 quos
1016 3159 1083 3198 cans
1099 3135 1467 3220 perfectioneminimum
1483 3139 1610 3216 distare,
1626 3142 1727 3201 critici
1746 3145 1839 3206 multi

157 3239 213 3291 ant
227 3229 353 3310 pulchri
366 3243 471 3286 sensus
485 3229 642 3300 expertes,
656 3229 709 3278 aut
723 3219 762 3278 dc
778 3220 868 3278 rebus
880 3265 889 3294 ,
902 3241 979 3298 quas
1014 3218 1200 3299 gloriantur.
1223 3219 1335 3296 Quodsi
1350 3223 1447 3298 igitur
1460 3222 1640 3296 fatendum,
1662 3232 1697 3281 ut
1711 3236 1840 3286 caeteras

155 3329 342 3392 cognoscere
353 3307 417 3367 sive
429 3311 589 3381 nequeunt
601 3305 665 3360 sive
676 3302 795 3371 nolunt,
814 3311 978 3378 nugantes,
1014 3315 1110 3384 poetas
1122 3305 1221 3380 dotes,
1235 3307 1276 3363 ita
1293 3303 1406 3384 liuguae
1418 3304 1557 3364 vividum
1565 3305 1699 3364 colorem
1710 3311 1841 3388 vimque

156 3405 213 3456 aut
235 3392 388 3474 paradoxa
407 3387 540 3447 foventis
556 3378 661 3444 saeculi
676 3383 783 3443 morbo
804 3383 976 3444 laborantes
1015 3386 1157 3465 plurimis
1172 3396 1203 3447 et
1217 3393 1353 3445 veterum
1366 3387 1608 3446 etrecentiorom
1620 3388 1838 3470 delicere,me-
1926 3429 1927 3448 t

155 3477 336 3538 habeamus.
346 3474 493 3530 Veterum
507 3469 612 3546 gnaris
629 3471 659 3524 et
674 3467 805 3524 naasime
830 3469 978 3526 sermonis
1016 3467 1136 3542 ritone,
1151 3469 1233 3526 idem
1248 3469 1281 3525 in
1296 3467 1459 3530 neolatinis
1471 3471 1637 3542 accidisse,
1652 3477 1836 3552 autpertus,
1926 3485 1927 3513 t

153 3561 189 3618 in
201 3558 312 3617 iissim
325 3555 570 3629 suavitatemque
593 3546 795 3607 sentientibus
811 3547 976 3624 loquimur.
1017 3551 1040 3607 si
1057 3569 1119 3611 non
1143 3551 1325 3622 accidisset,
1341 3552 1525 3610 miraremur
1538 3551 1551 3612 l
1564 3553 1745 3630 Erritnvem,
1768 3578 1835 3618 non

153 3641 274 3702 Satisne
289 3637 337 3696 illi
348 3636 533 3715 scriptorum
547 3629 668 3710 culpam
682 3675 693 3701 ,
716 3651 811 3710 quum
834 3651 974 3690 eorumne
1015 3642 1110 3710 quot,
1127 3643 1157 3691 et
1171 3654 1264 3710 quam
1278 3633 1444 3707 langueant
1464 3651 1604 3695 sermone
1617 3641 1837 3716 ‚reserationem

153 3723 339 3802 languentes
367 3725 538 3786 accusant,
562 3735 580 3772 a
609 3713 713 3790 lingua
746 3717 973 3790 segregarunt?
1015 3717 1065 3772 sed
1082 3715 1140 3772 hoc
1152 3717 1426 3793 quoerendutn,an
1447 3735 1552 3776 ornares
1565 3720 1700 3796 pariter,
1722 3732 1752 3780 et
1768 3743 1836 3780 ma-

155 3807 245 3866 hnne
259 3803 362 3885 potius
376 3808 516 3861 veterum
533 3841 541 3872 ,
559 3795 613 3874 qui
634 3797 667 3854 in
685 3795 840 3854 nonnullis
862 3802 906 3854 e‘st
923 3797 973 3856 vix
1013 3795 1059 3872 gis
1071 3798 1178 3865 etiam,
1195 3817 1232 3855 an
1246 3796 1389 3855 nonnulli
1405 3807 1544 3860 veterum
1565 3819 1690 3880 quoque
1701 3805 1835 3882 optimos

154 3884 356 3968 superabilis,
369 3883 471 3941 nitore
486 3879 627 3957 abrepti,
639 3897 737 3954 quum
751 3877 790 3936 ab
814 3897 850 3934 eo
868 3897 987 3937 recem·
1013 3878 1118 3938 vivido
1130 3877 1232 3937 colare
1244 3877 1459 3956 aquatorint?
1666 3885 1669 3890 '

150 3973 246 4030 tiores
258 3971 393 4028 immane
405 3969 556 4042 quantum
568 3961 672 4020 abesse
683 3958 825 4018 viderent
833 4006 841 4034 ,
857 3960 895 4018 de
910 3980 975 4019 om-
1055 3965 1105 4018 zu.
1126 3965 1307 4039 Quanquam
1322 3962 1417 4020 risum
1433 3982 1506 4020 sane
1519 3962 1580 4019 hoc
1593 3961 1661 4024 loco
1673 3968 1833 4028 catholicis

153 4053 248 4113 nibus
272 4050 357 4108 idem
382 4051 576 4120 statuerunt,
603 4062 620 4100 a
649 4042 754 4118 lingua
778 4041 971 4120 flagitantes,
1013 4045 1126 4100 nostris
1141 4059 1289 4115 satovera,
1311 4052 1423 4103 utrem
1441 4041 1658 4104 incredibilem
1681 4069 1832 4126 narrans,
1924 4039 1925 4086 t

151 4155 222 4215 quae
251 4131 409 4210 scriptoris
435 4121 561 4204 ingenio
581 4119 783 4202 ptaestanda?
809 4126 974 4186 Eriirrrvero
1013 4123 1105 4182 arianis
1129 4126 1168 4183 ab
1193 4127 1329 4204 ipsorum
1360 4127 1500 4185 doctrina
1529 4125 1761 4191 abhorrentem.
1791 4141 1832 4194 At

149 4239 214 4278 non
228 4233 356 4289 vercor,
370 4219 404 4270 ut
418 4210 546 4289 poeticus
561 4206 704 4265 dictionis
718 4209 781 4266 visu
791 4209 975 4286 copiamque
1012 4205 1107 4279 mihi,
1124 4217 1156 4265 ut
1173 4227 1264 4288 supra
1280 4208 1342 4266 dixi
1356 4254 1366 4280 ,
1381 4210 1502 4267 corariis
1518 4211 1677 4286 negotium
1694 4213 1749 4288 sit,
1773 4217 1831 4290 qai

151 4308 291 4362 tenentes
301 4292 450 4354 boemihi
460 4291 522 4348 sint
530 4333 540 4370 ,
552 4289 635 4367 quod
647 4309 739 4367 supra
754 4289 830 4359 dixi,
847 4310 972 4349 conces·
1012 4298 1132 4348 veteres
1147 4292 1309 4369 scriptores
1323 4290 1416 4366 longo
1435 4292 1537 4350 studio
1553 4295 1696 4370 penitus,
1721 4297 1830 4373 quatffl

151 4384 232 4459 suri,
247 4400 309 4440 non
323 4378 451 4455 linguat,
469 4373 520 4432 sed
538 4372 721 4449 scriptorum
732 4372 809 4429 vitio
826 4372 972 4432 tribuen-
1012 4389 1152 4431 sermone
1166 4381 1334 4450 atquearte
1355 4377 1439 4442 sint,
1460 4372 1687 4456 intelligentes,
1703 4379 1746 4436 sic
1771 4380 1830 4438 de-

149 4467 225 4524 dum
236 4508 244 4540 ,
256 4481 350 4543 quem
361 4451 597 4545 plerisquejure
608 4454 828 4532 exprobramus
841 4455 971 4531 languo-
1011 4453 1095 4512 inum
1115 4455 1155 4513 ad
1175 4456 1361 4514 recentiores
1383 4454 1568 4515 evolvendos
1582 4461 1831 4534 cognoscendos-

148 4565 227 4610 rcm.
239 4542 330 4624 Cujus
344 4541 471 4621 quidem
483 4557 530 4596 rer
543 4557 606 4595 non
619 4536 748 4615 simplex
759 4538 837 4594 ratio
852 4537 969 4595 adferri
1011 4555 1072 4612 que
1087 4546 1292 4596 accesserunt.
1316 4539 1439 4616 ltaque,
1456 4539 1514 4596 nisi
1530 4559 1622 4617 quem
1636 4561 1669 4600 re
1684 4543 1829 4621 probasse
1922 4596 1923 4606 ,

149 4637 259 4712 potest.
284 4627 360 4686 Nam
386 4632 441 4682 aut
469 4619 602 4680 facultas
625 4618 687 4676 illis
710 4617 794 4676 deest
818 4621 972 4679 sermonis
1009 4619 1153 4694 sciamus,
1168 4637 1200 4678 se
1215 4631 1417 4698 utrorumque
1435 4638 1498 4678 non
1515 4623 1662 4702 precipiti
1677 4624 1824 4700 quadam,

147 4711 283 4791 stylique
296 4704 602 4787 ,poetici,diutnrno
625 4709 766 4782 ueterum
787 4701 889 4778 studip
911 4722 968 4781 pa·
1008 4701 1061 4758 sed
1084 4710 1224 4760 accurata
1247 4703 1426 4779 cognitione
1440 4703 1595 4763 imbutum
1611 4747 1620 4776 ,
1636 4709 1781 4782 omniuo,
1801 4711 1829 4767 is

146 4795 244 4856 raudo
253 4839 262 4868 ‚
276 4800 329 4850 aut
344 4809 414 4848 acer
426 4785 548 4866 pulchri
563 4803 684 4856 sensus,
700 4783 776 4860 quid
793 4789 918 4860 quoque
933 4785 965 4845 in
1007 4783 1083 4860 quid
1101 4780 1233 4863 judicet,
1249 4805 1311 4842 non
1326 4785 1501 4844 curabimus
1515 4832 1523 4862 ,
1544 4795 1651 4866 utpote
1673 4795 1827 4867 persuasi,

146 4895 260 4958 genere
282 4873 389 4932 locove
412 4875 536 4944 deceat,
560 4865 750 4938 discernens,
771 4865 877 4941 equales
894 4877 965 4926 suut
1006 4867 1031 4922 si
1045 4865 1120 4943 quid
1132 4876 1214 4925 recte
1226 4869 1328 4938 dicat,
1346 4877 1459 4929 temere
1477 4871 1591 4946 uragis,
1612 4889 1704 4948 quam
1721 4872 1828 4951 explo-

143 4959 274 5020 bumilia
290 4955 458 5033 grandius,
469 4950 599 5029 grandia
613 4946 762 5004 hunulius
778 4947 939 5007 efferentes
954 4996 963 5026 ,
1004 4955 1069 5006 rata
1082 4951 1142 5007 rite
1152 4951 1340 5026 quaestione,
1363 4951 1518 5010 dicturum
1525 4974 1533 5025 3
1555 4964 1826 5032 nam,antequan1

135 5051 196 5104 aut
211 5040 351 5100 Plautina
364 5032 541 5112 virgilianis
568 5039 624 5088 aut
644 5027 820 5086 Horatianis
836 5030 962 5110 illepide
1003 5027 1137 5109 judices,
1154 5040 1188 5089 ut
1208 5034 1241 5090 in
1253 5035 1338 5090 ouini
1357 5053 1391 5093 re
1409 5077 1416 5105 ,
1437 5037 1481 5091 sio
1503 5031 1535 5090 in
1552 5033 1685 5110 litteris,
1703 5039 1827 5097 discen-

140 5125 324 5194 miscentes,
345 5127 379 5176 ut
407 5118 473 5194 ipse
493 5110 639 5183 Baldeus,
660 5111 715 5187 qui
738 5111 783 5180 si,
808 5123 959 5188 quitatum
1002 5113 1075 5171 dum
1092 5113 1217 5173 cst.Sed
1234 5117 1271 5173 ad
1286 5119 1345 5174 rite
1357 5115 1537 5176 discendum
1556 5117 1714 5178 wastensis
1730 5120 1818 5192 istis,

139 5207 266 5284 ingenio
279 5208 419 5276 ,uatum
431 5197 534 5257 limata
546 5192 649 5274 phrasi
664 5201 694 5252 ct
709 5191 959 5273 pulchrrJudicio
1000 5198 1104 5258 omnia
1119 5195 1259 5274 scilicet,
1275 5205 1308 5260 ut
1324 5197 1514 5280 Hippiudnm
1526 5200 1564 5257 de
1575 5201 1670 5282 stirpe
1683 5199 1821 5279 diceres,
