3878 5718
116 391 167 450 llos
180 388 267 448 multa
279 407 459 466 magnorum
476 393 622 456 virorum

150 471 227 529 lianc
237 470 319 550 prius
331 471 499 534 celeremus
512 476 586 538 udo.

164 709 222 750 ll’SA
234 705 291 750 llllll
302 714 411 754 rtrum
423 715 517 758 nuuc!
528 715 657 764 laomim
670 719 743 768 lllists

80 841 124 896 ler
135 849 211 916 grata
221 840 334 920 linguae
345 863 402 905 vox
414 845 522 926 patriae
542 847 621 906 mihi
636 893 646 923 ‚

80 922 124 980 ler
134 921 215 979 dulce
227 943 347 984 carmen
361 971 370 998 ,
383 928 466 1004 quod
478 927 605 989 eitharae
619 931 710 992 ruodo

112 1002 237 1076 llegcntis
249 1006 355 1066 audivi
369 1009 426 1069 sub
437 1010 517 1085 ictu,

144 1083 236 1146 Verba
247 1086 343 1148 choro
354 1099 513 1171 repetente
522 1089 594 1153 laeto
605 1095 612 1151 t

79 1221 163 1279 Geram
173 1233 326 1300 parentem
342 1220 513 1306 linquimus
525 1235 556 1288 et
567 1236 704 1309 patrem,

78 1303 104 1359 lt
117 1323 175 1380 quse
190 1305 280 1384 puelli
295 1309 437 1368 trivimus
449 1307 526 1370 atria
540 1352 549 1382 ,

107 1385 258 1464 'lerrnsque
270 1387 346 1448 latas
363 1411 419 1469 per
431 1401 577 1469 ragentes

141 1467 305 1548 Praecipites
317 1472 469 1548 agitamus
482 1493 599 1546 anuos;

77 1605 168 1666 Gentes
180 1619 208 1668 et
223 1611 313 1671 urbes
326 1611 473 1692 milleque
491 1613 600 1674 divitie

78 1687 151 1748 Geras
163 1699 314 1771 stupemus
325 1695 456 1756 navibus
466 1696 561 1758 lndtae
574 1742 583 1773 ,

106 1769 241 1856 Alpesque
255 1774 366 1848 celsas,
382 1785 413 1834 et
425 1777 559 1838 furentis

138 1853 210 1931 Quas
219 1855 321 1935 pelagi
334 1856 408 1918 ferit
422 1859 506 1924 unda
519 1867 636 1936 curiles.

76 2002 166 2062 Natalis
176 2007 255 2064 omni
266 2008 385 2084 gratior
396 2016 441 2067 est
453 2016 556 2068 tamen

75 2083 215 2163 ildepertus
225 2107 304 2163 orae;
317 2104 376 2150 nee
390 2089 494 2170 lepido
506 2091 603 2168 magis

105 2168 146 2225 Est
157 2167 225 2230 llere
242 2179 387 2248 pratum,
409 2191 502 2250 quam
518 2171 641 2236 tenellis

138 2251 197 2328 Quo
207 2252 350 2310 manibus
361 2251 491 2332 legimus
503 2271 663 2315 coronam.

75 2390 128 2462 Qua
139 2391 243 2454 blande
255 2397 362 2475 parvis
374 2400 485 2476 garrlit
495 2399 577 2459 unda
588 2445 597 2475 ,
611 2397 697 2476 qued

74 2471 184 2552 Suscepit
202 2479 322 2537 umbris
333 2479 541 2540 liorsdiierum
552 2499 663 2544 nemus
669 2525 681 2557 ‚

104 2555 243 2634 dedentis,
257 2569 464 2644 optamusque
480 2562 595 2641 eolles,

38 2683 40 2688 .
136 2638 212 2698 Unde
222 2643 320 2720 juber
334 2662 454 2702 roseum
469 2643 551 2720 diei,

73 2777 112 2834 tel
122 2777 181 2842 lene
190 2805 264 2863 puro
278 2786 418 2849 vidimus
432 2787 549 2850 aethere
610 2779 612 2782 ’

73 2857 175 2936 lutgere
186 2866 306 2927 lunam.
320 2867 358 2930 tti
373 2871 473 2950 patrio
487 2889 576 2952 mage

103 2942 235 3007 lilldulce
249 2950 309 3008 sub
324 2951 403 3014 eoelo
415 2997 426 3023 ,
439 2950 598 3030 profundo

137 3023 181 3087 Nil
195 3031 283 3094 citius
298 3031 462 3112 placidove
476 3040 585 3111 peetus

74 3182 167 3242 llorere
182 3203 286 3254 sensu„
302 3196 396 3260 quem
412 3179 517 3260 patrie
532 3183 613 3259 potis

75 3263 149 3328 Sonus
160 3264 307 3343 loquelae,
323 3281 464 3346 quosque
482 3261 571 3321 crida
585 3283 686 3343 puer,

95 3346 281 3424 ,simplexque
292 3343 465 3412 mulcentes
477 3344 623 3412 bibebam

136 3431 209 3496 iture
219 3427 327 3493 crodos
339 3433 507 3511 teneraque
518 3435 633 3493 mente.

378 3589 536 3610 m

391 3683 551 3750 JUVENIS.

219 3839 436 3922 (Ktopstoekii
448 3847 502 3906 der
513 3843 700 3926 asceline>

73 3989 198 4074 liquente
206 3997 300 4086 lleius
314 3997 402 4062 fonte
422 3993 515 4060 silens
543 3999 629 4062 leves

73 4072 139 4134 Vidit
150 4080 271 4158 capillos
281 4082 390 4141 ludere
405 4101 475 4142 cum
486 4081 581 4154 rosis,

103 4157 238 4221 liubeutis
251 4183 372 4230 aurore
383 4172 418 4224 ut
430 4183 591 4241 ceronam,

138 4241 230 4321 Seque
244 4255 337 4306 tuens
349 4244 472 4326 placido
483 4247 628 4310 creticis

74 4389 181 4457 Insanus
192 4399 264 4465 Euri
275 4421 315 4460 en
328 4400 420 4464 turbo
434 4395 595 4482 ferirjuga
607 4405 620 4468 l

74 4471 248 4556 Franguntur
256 4483 321 4544 ilex
331 4529 340 4559 ‚
350 4483 443 4562 pinus
455 4491 488 4544 et
496 4484 625 4548 :esculus
632 4530 646 4564 ,

54 4577 57 4586 ·
104 4558 216 4640 lluaque
228 4585 300 4628 acer
313 4585 466 4647 rupesque
478 4567 592 4626 montis

139 4645 257 4708 Vertice
271 4651 645 4729 praeeipiteuttmmenle·.

72 4801 151 4882 llajus
163 4855 170 4885 ‚
183 4813 343 4889 quiescens
360 4811 521 4890 gramineo
532 4819 619 4884 loro,

72 4886 152 4948 Audit
162 4937 170 4966 ,
181 4901 341 4954 tonantem
354 4913 415 4954 uee
428 4893 544 4956 rabiem
556 4895 667 4966 timet,

104 4969 274 5054 llormitque
288 4976 443 5054 fragranti
457 4975 519 5040 sub
529 4995 606 5040 aurs
623 5017 634 5047 ι

137 5053 261 5132 Vespere
286 5059 362 5120 duur
375 5057 654 5138 redeuutemrgit·

859 293 898 358 ss

901 400 1018 462 boloris
1028 419 1134 482 expers
1146 410 1181 463 ut
1191 401 1348 466 eheritum
1363 407 1423 470 tibi

903 484 1058 546 llumvite
1074 485 1170 559 ridet,
1182 494 1212 545 te
1226 488 1384 566 sapientie

943 565 1060 626 llunire
1072 566 1207 642 virtute,
1220 567 1280 641 ah,
1295 580 1451 632 memento
1463 621 1476 648 ,

979 649 1156 728 ejurarint
1170 648 1266 710 Breve
1276 649 1366 712 tieret
1378 663 1463 716 estas.

1241 800 1372 820 Ἀ

1184 879 1263 948 Nox
1290 887 1446 950 AEstlvt.

1050 1023 1263 1108 (ltlopstockii
1276 1034 1327 1094 ds·
1335 1032 1554 1098 Soinmemedt
1568 1035 1586 1115 )

901 1153 1000 1232 Quum
1010 1153 1093 1216 lunae
1104 1156 1269 1219 tremulum
1279 1179 1336 1240 per
1349 1162 1450 1242 syluas
1469 1162 1561 1248 juber

907 1235 945 1298 Se
958 1237 1089 1320 ἒιιιιᾶίὶῇ,1
1098 1239 1174 1303 tilioe
1185 1237 1270 1301 floris
1280 1241 1428 1306 odoribus

982 1319 1060 1378 Ilum
1072 1340 1127 1400 per
1137 1321 1255 1400 frigora
1266 1325 1366 1386 mistae

941 1401 1034 1462 Aurte
1043 1422 1109 1462 sese
1117 1405 1237 1484 agitant
1250 1402 1332 1467 leves
1348 1427 1356 1468 t

900 1525 1020 1590 Umbrec
1033 1546 1090 1588 eeu
1101 1527 1250 1597 subeunt,
1267 1547 1347 1608 quos
1358 1529 1497 1592 tumulus
1509 1532 1588 1628 tegit

901 1607 1005 1676 (ieros,
1022 1627 1139 1686 perque
1148 1627 1258 1668 nemus
1273 1612 1320 1669 nil
1335 1613 1477 1674 tenebras
1489 1615 1552 1674 nist
1568 1673 1571 1681 ,

984 1690 1100 1762 Cerno,
1116 1711 1174 1750 nec
1186 1690 1242 1752 flet
1253 1692 1357 1754 odoris

942 1770 1009 1829 Jam
1020 1771 1059 1830 de
1075 1770 1202 1835 toribus
1216 1771 1345 1836 halitus.

901 1903 995 1968 Nobis
1005 1905 1073 1966 haeo
1083 1905 1211 1966 fuerunt
1222 1906 1327 1968 suevia
1338 1945 1349 1978 ‚
1359 1909 1493 1966 mortuil

901 1985 939 2048 Ut
951 1986 1092 2064 fragrans
1105 1987 1282 2067 Zephyrus,
1295 1985 1396 2067 frigus
1407 1997 1442 2052 ut
1452 1989 1574 2070 hesperi
1584 2033 1597 2062 ,

983 2069 1020 2126 Ut
1031 2078 1142 2130 natura
1156 2069 1271 2129 beahas

941 2148 1034 2214 Inmae
1049 2150 1166 2211 lumine
1175 2149 1358 2230 pulchrior!

1234 2291 1408 2314 Q

1002 2373 1119 2439 soum
1138 2374 1236 2440 sum
1252 2375 1399 2438 nououu
1418 2363 1617 2442 recurris.

1183 2498 1232 2562 Ad
1244 2499 1430 2563 Pbllmuum.
1541 2557 1543 2568 ,

864 2619 867 2626 '
903 2624 995 2686 llultn
1008 2623 1152 2686 mortales
1163 2627 1260 2686 animi
1270 2627 1411 2689 levemus

901 2706 1033 2779 Humum
1047 2706 1099 2766 sed
1114 2706 1214 2766 mollis
1225 2727 1315 2786 mage
1333 2709 1380 2770 nil
1391 2755 1399 2787 ‚
1412 2709 1567 2792 Philoeue,

902 2789 999 2870 Quam
1009 2787 1180 2867 voluptatis
1190 2788 1342 2870 fugienda
1354 2791 1470 2855 blando

1063 2869 1176 2934 Pocula
1191 2891 1273 2933 rore.

901 3006 995 3086 llajor
1009 3005 1125 3067 Aloidae
1139 3005 1228 3068 lehor
1245 3005 1301 3068 ille
1314 3011 1483 3086 monstris3

900 3084 990 3151 Ocius
1003 3088 1099 3147 fossas
1110 3105 1297 3166 superosque
1310 3089 1449 3169 vallum,

901 3169 992 3236 Ocius
1004 3189 1109 3230 muros
1122 3178 1262 3248 penetres
1274 3177 1306 3232 st
1316 3170 1399 3236 altas

1062 3250 1170 3314 Victor
1180 3252 1217 3316 ist
1224 3270 1320 3313 eroes.

904 3410 1000 3482 Quem
1011 3415 1113 3466 truces
1124 3402 1282 3489 quendem
1294 3413 1449 3470 tremuere
1461 3414 1587 3496 turmae,

904 3489 1047 3556 Crinibus
1058 3485 1143 3553 ssavis
1154 3506 1254 3564 amor,
1268 3495 1323 3548 eut
1333 3487 1432 3550 ocello

904 3572 1019 3635 stravit
1029 3589 1067 3633 ex
1076 3569 1139 3628 udo
1152 3570 1286 3629 roseisve
1298 3570 1430 3632 vibemus

1066 3649 1189 3736 Spicum
1202 3651 1307 3716 metis.

884 3835 889 3847 ι
906 3799 1016 3880 Qualis.
1022 3799 1195 3880 hydropem
1207 3798 1273 3858 sitis
1284 3797 1348 3860 urit
1361 3798 1463 3858 aueds

905 3883 1021 3959 §serior
1034 3882 1187 3964 lymphis,¹
1201 3881 1376 3961 tumidique
1394 3887 1522 3960 torpent

906 3963 1045 4047 Corporis
1057 3963 1128 4026 'tabo
1146 3963 1284 4022 uoluente
1295 3961 1454 4028 membra:

1067 4045 1146 4110 Talis
1159 4045 1293 4110 inheret
1304 4087 1316 4123 ,

905 4187 945 4253 Et
959 4207 1038 4248 nova
1051 4205 1189 4248 crescens
1200 4185 1279 4250 celet
1291 4203 1389 4268 usque
1399 4184 1550 4265 flemme,

906 4270 1049 4348 Quosque
1058 4268 1178 4333 mellito
1192 4269 1315 4328 domuit
1326 4287 1448 4329 venene
1460 4311 1473 4338 ,

906 4345 1030 4434 Carpit,
1043 4359 1073 4410 et
1084 4369 1188 4416 sensus
1200 4350 1389 4434 hebetstque
1399 4357 1542 4414 mensem

1062 4433 1137 4494 Dira
1153 4432 1263 4496 libido.

905 4579 1005 4646 blitius
1018 4579 1098 4641 fulvi
1109 4579 1236 4638 miseros
1254 4573 1402 4650 metalli„

905 4659 1108 4728 llitiuslamae
1121 4659 1379 4740 miseroseupidos
1472 4706 1474 4712 .

905 4744 997 4824 Urget
1007 4791 1017 4823 ,
1027 4753 1058 4805 et
1071 4743 1193 4804 calcans
1202 4741 1333 4824 populos
1344 4745 1483 4804 ›erueute

1070 4825 1178 4890 Gloria
1189 4826 1290 4891 lauro..

904 4974 1023 5038 neuere
1041 4967 1422 5036 inconsentaneum
1550 4935 1554 4943 “

855 5091 857 5100 ,
904 5059 1028 5118 Desinet
1044 5055 1125 5119 livor
1135 5077 1145 5130 ς
1157 5055 1239 5121 mela
1252 5073 1347 5135 quam
1360 5047 1533 5136 volupiam,⁵
