3874 5726
1 4913 2 4922 ι
78 4881 220 4961 Cumque
236 4881 337 4946 uadis
358 4894 500 4961 murmur
520 4883 673 4962 miscent,
696 4883 735 4946 ab
760 4881 899 4963 origine,
990 4931 992 4938 .

884 331 926 402 25

362 457 589 528 sorranus..
655 451 663 554 j
702 451 706 458 ·
772 451 776 460 ·

60 622 187 707 (stph.
203 573 254 686 'lle
276 621 454 766 lamartipe
473 625 633 788 beqitatic
657 622 761 687 XXIX.
785 617 902 692 edu--

425 729 515 768 ornae.

62 865 183 926 Velatae
197 863 290 928 viridi
303 863 393 944 sylvae
405 863 520 924 salvete
532 864 658 938 relicto,

110 949 150 1007 Et
165 948 252 1006 frons
267 967 366 1022 sparsa
388 967 479 1026 super
489 949 603 1028 cespite
616 947 694 1008 ilava
704 949 826 1024 jacens!

62 1029 331 1104 Vergentissalve
348 1029 514 1088 nitcranni
528 1033 535 1088 l
551 1030 644 1090 Grata
654 1029 753 1088 dolori

110 1112 314 1186 Mercatura,
328 1109 432 1172 oculos
447 1121 552 1172 nroesta
561 1113 713 1190 juvasqne
727 1133 821 1174 meos.
855 1167 866 1178 ,

61 1193 234 1254 Percussus
245 1194 343 1252 ducor
356 1202 471 1252 secreto
486 1195 609 1252 tramite
623 1203 777 1272 mentem,

112 1276 418 1350 Postremcgaudens
433 1275 490 1334 bac
509 1276 662 1354 videoque
680 1276 731 1344 die

65 1357 241 1418 Pallentem
253 1358 346 1416 solem
360 1359 469 1440 ,cujus
482 1356 533 1418 vix
547 1359 649 1440 debile
665 1357 768 1417 lumen
857 1425 861 1434 .

114 1446 195 1502 Ante
205 1460 289 1500 meos
301 1459 462 1499 nemorum
478 1441 588 1500 transit
602 1455 692 1520 opace
708 1442 810 1520 pedes.

67 1521 197 1582 Scilicet
208 1523 350 1582 autumni
369 1523 526 1600 exspirans
539 1531 647 1582 natura
663 1523 772 1584 diebus

109 1603 156 1663 lle
167 1625 257 1682 mage
270 1603 379 1664 relatis
392 1605 510 1668 detinet
524 1604 688 1664 illecebris.

69 1687 133 1746 lloc
147 1686 238 1759 vale,
250 1687 302 1750 bic
312 1688 390 1745 risus
404 1688 503 1746 teneri
514 1707 673 1766 supremus
685 1687 794 1759 amici,

86 1813 101 1844 ,
116 1769 238 1846 AEterna
251 1789 318 1847 quae
328 1771 393 1846 jam
406 1778 504 1828 morte
519 1769 685 1848 premenda
697 1816 706 1845 ‚
720 1769 825 1834 labris.
886 1761 891 1774 '

78 1851 125 1910 Sic
134 1871 189 1928 ego
201 1851 268 1929 jam
282 1852 352 1910 vitae
364 1851 450 1932 ploro
461 1871 599 1910 cessurus
610 1852 648 1910 ab
664 1872 715 1912 ora
728 1899 738 1928 ‚

115 1932 186 2012 Spes
199 1933 306 2012 longos
315 1933 389 1994 iecit
403 1951 472 2010 quse
488 1934 565 1992 milri
579 1953 656 1992 rana
671 1980 679 2008 ,
695 1935 781 2008 dies,

71 2015 251 2094 Respiciens
267 2016 423 2093 etiamque
434 2029 535 2085 retro,
550 2015 698 2096 voltuque
709 2016 834 2077 dolente

115 2097 350 2175 contemplans,
366 2097 444 2158 milri
456 2117 524 2174 quae
536 2097 693 2176 deperiere
704 2095 796 2160 bona.

70 2179 179 2240 Tellus
192 2179 275 2253 ,s0l,
291 2178 385 2238 valles
397 2225 404 2248 ‚
415 2178 498 2238 dulci
512 2188 620 2238 natura
633 2180 743 2240 decore
756 2227 764 2254 ,

115 2261 162 2321 Ad
181 2261 338 2320 tumulum
352 2261 439 2321 vobis
454 2261 500 2322 ias
513 2259 609 2322 liuere
622 2261 704 2322 hanc
718 2263 895 2346 lacrymam.

70 2345 183 2403 Suae-is
196 2344 291 2402 odore
304 2361 357 2402 aer
369 2389 377 2417 ,
392 2343 445 2402 lux
461 2365 479 2402 o
491 2345 652 2422 purissima
667 2345 758 2416 ‚solis

114 2427 137 2486 0
152 2423 243 2485 oculo
260 2425 425 2505 pulchrum
439 2425 495 2484 rub
509 2425 659 2484 inoriente
673 2423 778 2506 jubar!

69 2505 166 2566 Illum
177 2527 263 2566 nunc
273 2509 337 2587 ipsa
354 2507 520 2584 gauderem
533 2508 646 2568 durrere
656 2508 751 2583 faece,

113 2591 244 2650 Nectarc
258 2591 312 2668 qui
324 2590 452 2668 cyatlnrs
466 2589 602 2668 felleque
616 2591 729 2649 nrixlus
745 2601 808 2654 erat
824 2596 831 2652 l

70 2672 216 2734 Forsitan
228 2671 313 2731 illius
324 2671 446 2750 cyathi,
459 2673 556 2731 vitam
571 2673 653 2732 unde
666 2673 810 2734 bibebam
825 2719 834 2752 ,

114 2756 152 2814 ln
165 2754 266 2814 fundo
280 2754 379 2812 mellis
394 2763 481 2831 gutta
496 2754 602 2813 relicta
617 2755 705 2814 fuit?

73 2836 153 2896 llum
164 2835 243 2896 mihi
253 2836 416 2896 servabant
430 2837 540 2894 misero
551 2845 681 2916 ventura
695 2836 750 2896 bea
756 2847 799 2896 tas
810 2883 819 2912 ‚

114 2921 252 2992 Quarum
263 2919 329 2997 spes
340 2919 450 2996 periit,
461 2927 598 2996 tempora
611 2917 692 2978 forte
703 2922 783 2978 vices
795 2919 809 2982 i

71 2999 148 3060 Fors
161 3003 269 3078 ignota
281 2999 358 3059 mihi
373 3001 411 3058 de
423 3000 559 3058 millibus
572 3021 635 3059 una
649 3001 782 3062 dedisset

115 3083 436 3162 Ilespondensanimse
450 3082 570 3140 conscia
587 3082 672 3160 signa
685 3103 771 3148 ritrae.

60 3165 200 3226 'Labitur
210 3174 382 3242 atquesucs
396 3165 529 3242 zephyro
544 3163 599 3224 ilos
616 3165 711 3223 tradit
722 3167 830 3225 odores
844 3159 854 3225 ι

112 3248 179 3306 Hoc
192 3248 264 3308 ritae
274 3295 281 3319 ,
292 3247 354 3306 luci
365 3247 425 3306 hcc
435 3247 669 3326 ingeminatque
684 3247 769 3310 vole!

71 3327 116 3388 lle
131 3331 298 3400 moriente,
310 3349 398 3388 meus
412 3329 456 3388 sic
471 3329 544 3386 dum
561 3329 697 3387 vanescit
708 3330 741 3388 in
754 3349 843 3390 auras
852 3373 861 3408 ,

112 3412 219 3472 Tristis
229 3419 265 3470 ut
278 3410 403 3491 sabaiet
417 3412 544 3494 spiritus
559 3411 730 3474 harmonia.

419 3557 553 3573 m

419 3659 562 3722 leblS.

70 3799 199 3906 (alpe
212 3821 256 3884 ce
268 3821 443 3884 samaritae
456 3823 611 3886 celrrano
624 3823 674 3885 vr.
693 3825 734 3890 u
748 3825 860 3887 Veron.
882 3822 895 3907 )

72 3978 142 4038 lion
156 3997 224 4039 mea
237 3976 299 4061 jam
312 4024 321 4054 ‚
334 3979 475 4054 cunctis,
486 3979 552 4060 jam
563 3999 615 4062 spe
636 4000 759 4062 quoque
773 3991 898 4063 pectora

223 4067 225 4074 ’
797 4063 896 4142 lassa,

114 4138 366 4202 Tentabuntulla
377 4141 441 4202 iata
456 4161 579 4202 morere
594 4163 695 4222 prece.

73 4227 118 4286 Tu
130 4223 223 4282 modo
233 4269 246 4296 ,
260 4222 333 4282 dum
344 4225 458 4284 moriar
473 4271 483 4296 ,
496 4241 545 4286 ute
558 4227 650 4284 unius
662 4225 739 4284 lucis
750 4225 835 4306 asylo

116 4306 241 4386 Suscipe
255 4349 263 4373 ‚
279 4326 345 4388 quae
358 4325 454 4385 puero
468 4308 590 4384 cognita
602 4307 690 4368 vallis
705 4327 781 4368 eras.

75 4386 229 4452 Anfractu
243 4397 328 4466 patet
338 4406 377 4446 en
393 4389 492 4447 tenuis
507 4389 585 4450 mihi
596 4398 706 4450 trames
720 4410 834 4470 opaco,

117 4468 279 4550 Dependet
292 4469 424 4530 densum·
435 4470 522 4529 collis
536 4471 682 4550 utrinque
696 4492 823 4548 neurus²

77 4553 199 4612 Umbris
210 4551 295 4630 quod
306 4553 402 4612 mistis
413 4573 502 4631 supra
515 4553 592 4612 mihi
604 4553 707 4614 fronte
719 4573 880 4616 recurvum
886 4575 896 4637 5

119 4633 163 4693 lle
177 4636 306 4694 tacitum
318 4637 420 4714 ,pacis
435 4655 483 4694 me
496 4637 635 4714 requiete
650 4639 735 4714 tegit.

77 4715 135 4775 llic
146 4717 207 4776 duo
221 4717 368 4776 frondoso
379 4719 438 4776 rivi
447 4717 504 4776 sub
518 4717 747 4800 pontelatentee

123 4797 290 4876 Designant
299 4797 388 4858 vallis
402 4819 472 4858 rore
485 4819 614 4878 sequace
624 4801 719 4862 sinus.

117 5019 274 5122 'liominffi
286 5050 351 5114 nori
359 5027 453 5126 longe
461 5049 536 5108 'mox
546 5041 738 5130 pereuntque
749 4964 904 5108 sua.llullo

83 5127 153 5190 lion
164 5125 254 5195 aliter
264 5127 351 5194 nullo
363 5130 453 5194 uobis
465 5149 538 5196 cum
547 5131 706 5198 murmure
714 5175 722 5219 ,
736 5127 824 5204 nullo

966 439 1195 532 liciniae,·i³ons
1208 441 1300 517 vrrs,
1316 455 1378 510 nec
1388 443 1544 522 reditura,
1555 445 1636 526 linis,

928 523 1094 604 Lympidus
1108 535 1156 598 ast
1165 525 1228 587 illis
1239 527 1343 606 liquor
1353 537 1415 604 est,
1428 529 1713 607 nulliusarnoanum

969 607 1028 666 Sed
1039 607 1147 680 retulit
1160 609 1329 674 sclisruens
1341 629 1407 680 mea
1416 613 1504 690 nigra
1514 611 1614 694 jubar.

926 687 1051 766 Frigora
1063 685 1139 750 dans
1150 689 1266 762 alveus,
1277 713 1407 774 quaeque
1415 695 1513 758 ambit
1527 696 1654 758 frondea
1666 745 1677 776 ,
1688 699 1749 770 rivi

968 771 1273 850 Marginibcs'tot'um
1288 784 1429 838 metenet
1443 777 1553 842 umbra
1565 780 1658 840 diem.

900 911 905 922 .
926 853 965 918 lit
978 855 1066 914 canis
1076 854 1229 916 infantem
1243 871 1305 920 uno
1320 857 1415 918 melos
1428 877 1526 937 usque
1539 868 1666 936 tenore,

954 935 1017 1002 ‚Sic
1028 957 1094 999 mea
1108 939 1247 1018 consopit
1262 951 1542 1018 pectoratmurrnur
1553 962 1654 1021 aquae.

904 1075 909 1084 ,
926 1015 1008 1092 tilio,
1023 1019 1083 1092 ab,
1097 1019 1178 1078 vallo
1190 1021 1338 1082 viridanti
1349 1022 1469 1086 cinctus
1479 1067 1486 1094 ‚
1498 1034 1529 1083 et
1541 1036 1643 1098 arcta,

968 1099 1149 1162 Luminibus
1160 1103 1231 1162 coeli
1241 1125 1310 1181 quae
1326 1105 1399 1164 satis
1407 1125 1460 1167 cra
1471 1109 1565 1186 meis,

928 1181 1045 1247 Natura
1056 1181 1250 1254 laetcrsccia,
1268 1185 1329 1246 fisc
1341 1187 1417 1264 pede
1430 1187 1524 1256 ,solas

970 1263 1178 1343 Ausculthue
1192 1268 1305 1336 undas,
1322 1267 1509 1348 intueorque
1520 1271 1635 1350 polum.

929 1345 965 1410 ln
976 1349 1041 1412 ‚rita
1057 1347 1207 1417 nimium,
1222 1349 1262 1410 ah
1272 1397 1281 1424 ‚
1292 1350 1359 1410 vidi
1374 1357 1517 1430 sensique
1530 1363 1560 1412 et
1575 1353 1693 1422 amavi!

971 1429 1098 1490 Lethaeis
1114 1431 1252 1507 requiem
1266 1452 1374 1510 quaero
1385 1439 1646 1516 superstesaquis.

929 1509 991 1578 Vos
1003 1510 1069 1574 loca
1079 1512 1210 1590 pulchra
1225 1512 1304 1574 mihi
1327 1515 1403 1574 daus
1414 1525 1477 1577 este
1493 1517 1607 1580 oblivia
1620 1519 1705 1580 littus
1720 1539 1729 1587 a

970 1593 1036 1652 Non
1048 1613 1106 1671 ‚ego
1120 1592 1182 1676 jam
1194 1595 1269 1655 felix
1283 1639 1291 1668 ‚
1307 1597 1332 1656 si
1347 1612 1465 1662 memor
1478 1645 1487 1674 ,
1502 1619 1567 1660 esse
1584 1621 1706 1679 queam.

929 1675 1026 1740 Corde
1037 1675 1328 1758 quies,a11imusque
1338 1677 1420 1750 silet,
1429 1681 1601 1764 mundique
1615 1695 1750 1751 remotus

970 1759 1021 1818 Est
1036 1758 1144 1836 procul
1154 1805 1163 1834 ,
1172 1759 1342 1824 adveniens
1354 1763 1567 1842 erueriturquc
1584 1765 1689 1844 fragor
1697 1811 1706 1842 ‚

929 1838 1130 1920 longinquus
1143 1841 1238 1902 veluti
1251 1844 1348 1922 spatio
1359 1851 1501 1904 tenuatus
1515 1847 1552 1913 ad
1569 1868 1659 1912 eures

971 1923 1288 1996 vitiumnumerus,
1302 1945 1395 2004 quctu
1408 1924 1480 1986 lulit
1495 1947 1567 1992 curo
1583 1933 1708 2000 ,sonus

929 2007 1007 2072 Hinc
1017 2025 1075 2084 ego
1084 2008 1232 2083 praeteriti
1251 2015 1399 2086 tanquam
1415 2009 1471 2066 sub
1484 2014 1628 2090 temporis
1642 2012 1750 2078 umbra

968 2086 1024 2145 Per
1040 2086 1167 2146 nebulas
1177 2091 1273 2148 vitam
1284 2109 1376 2148 cerno
1390 2088 1486 2156 latere
1497 2112 1608 2156 meam.

929 2167 1016 2234 Solus
1034 2189 1120 2232 emor
1134 2180 1280 2256 superat,
1295 2171 1423 2252 vigilem
1440 2193 1538 2258 quum
1557 2176 1673 2242 sorunia
1689 2174 1750 2234 lin,

988 2253 991 2272 '
1655 2267 1733 2322 uuirt

972 2331 1109 2392 Grandia
1123 2351 1178 2393 ceu
1189 2342 1299 2412 praeter
1314 2334 1358 2394 nil
1370 2335 1531 2398 simulacra
1544 2279 1656 2401 menei.
1739 2301 1748 2342 ἰ

929 2413 993 2480 Hoc
1003 2415 1060 2476 sub
1073 2415 1214 2492 perfugio
1230 2435 1297 2476 mea
1313 2437 1398 2476 mens
1412 2421 1571 2498 requiesce
1583 2441 1744 2500 supremo,

973 2499 1108 2574 Speecui
1121 2497 1234 2559 blanda
1246 2497 1344 2576 replet
1355 2501 1464 2576 corda,
1475 2504 1575 2564 viator
1589 2506 1651 2577 uti,

932 2581 1027 2653 Quam
1040 2581 1128 2658 petit,
1141 2589 1213 2640 ante
1224 2579 1310 2643 urbis
1320 2583 1482 2642 considens
1494 2605 1619 2670 vespere
1632 2594 1749 2670 portas,

973 2663 1051 2720 Xera
1063 2661 1217 2740 paulisper
1227 2663 1323 2741 spirat
1333 2663 1536 2728 odoriferum.

931 2741 1063 2808 Excusso
1075 2744 1220 2822 pedibus,
1237 2746 1399 2808 subeamus
1410 2793 1418 2822 ‚
1429 2747 1576 2826 pulvere,
1590 2757 1625 2810 ιιι
1639 2747 1711 2817 ille;

973 2825 1039 2886 Non
1052 2825 1170 2886 lmmini
1180 2825 1226 2884 ias
1237 2837 1282 2889 cst
1298 2827 1381 2889 hanc
1393 2831 1519 2894 rediisse
1529 2830 1624 2892 riam.

931 2906 978 2970 Ad
995 2917 1107 2968 metam
1122 2909 1211 2986 spatii
1225 2929 1280 2968 nor
1294 2912 1496 2989 respiremus,
1507 2922 1542 2976 ut
1554 2913 1627 2990 ille,

974 2991 1044 3063 Quae
1055 3010 1129 3068 pace
1143 2999 1258 3050 aeterna
1272 3001 1318 3052 cst
1331 2995 1511 3071 excipienda
1527 2997 1627 3074 quies·

931 3073 968 3134 Ut
983 3073 1091 3130 bruma
1104 3074 1261 3141 veniente,
1275 3075 1321 3132 tui
1336 3074 1482 3153 nigrique
1499 3075 1670 3156 brevesque

973 3153 1129 3230 vergunt,
1143 3155 1176 3210 in
1187 3175 1287 3232 prono
1302 3155 1388 3217 collis
1400 3159 1564 3232 utumbra,
1578 3160 1653 3219 dies.

904 3285 907 3296 .
931 3235 1053 3298 Prodita
1069 3236 1213 3296 amicitiae
1227 3279 1238 3308 ,
1250 3257 1307 3296 nec
1316 3237 1382 3316 jam
1396 3239 1582 3310 miserabilia
1593 3239 1666 3316 ullis

973 3315 1038 3376 llon
1052 3317 1114 3375 ullo
1125 3319 1165 3377 ad
1180 3319 1353 3378 tumulosis
1367 3311 1534 3382 comitante
1546 3325 1639 3386 viam.

931 3398 989 3462 Sed
1005 3419 1137 3479 prsesens
1150 3420 1220 3478 quse
1233 3410 1262 3459 te
1277 3411 1387 3467 natura
1402 3404 1514 3472 invitet
1527 3415 1689 3484 ametque;

973 3481 1030 3556 Te,
1045 3502 1164 3560 semper
1177 3483 1286 3562 pandit
1301 3505 1392 3562 quem
1405 3487 1480 3562 libi,
1496 3507 1600 3564 merge
1616 3490 1698 3550 sinu.

934 3563 1049 3626 Cuncta
1065 3563 1137 3624 licet
1152 3575 1290 3639 nectent,
1303 3569 1464 3630 eademest
1474 3577 1599 3648 statura,
1614 3570 1726 3639 dicbus

975 3646 1078 3722 idem,
1092 3648 1145 3727 qui
1157 3647 1255 3708 inerat
1267 3691 1275 3720 ,
1287 3649 1329 3708 sol
1346 3651 1507 3730 oriturque
1517 3653 1587 3714 tuis.

933 3725 1038 3806 Usque
1050 3749 1084 3788 ea
1101 3739 1130 3789 le
1146 3731 1262 3788 circum
1277 3730 1376 3790 lucem
1389 3733 1537 3796 diffundit
1548 3742 1581 3796 et
1593 3734 1734 3798 umbram
1747 3757 1755 3794 ε

976 3810 1064 3872 Solve
1075 3813 1213 3874 acimum
1230 3835 1246 3872 a
1262 3811 1366 3887 falsis,
1378 3834 1445 3893 quea
1465 3817 1601 3895 peritura
1613 3864 1621 3893 ,
1632 3817 1735 3876 bonis.

932 3893 991 3960 Hic
1001 3941 1011 3966 ,
1022 3914 1115 3972 quam
1131 3893 1339 3973 Pythagoras,
1352 3899 1430 3956 ecbc
1449 3900 1607 3958 venereris
1618 3946 1627 3977 ,
1637 3909 1672 3968 ut
1681 3898 1735 3966 illo
1743 3943 1754 3984 ,

976 3977 1119 4038 Coelestes
1131 3977 1269 4054 gaudens
1281 3999 1356 4039 aure
1369 3980 1481 4040 bibisse
1491 3980 1613 4042 modos.

932 4062 971 4126 Iu
982 4059 1059 4120 coelo
1072 4069 1101 4118 te
1114 4059 1165 4120 lux
1173 4105 1182 4134 ‚
1196 4061 1228 4117 in
1241 4064 1331 4123 terris
1345 4072 1375 4123 te
1387 4063 1491 4122 trahat
1503 4065 1611 4130 umbra
1619 4109 1631 4148 ,

973 4143 1061 4204 Aeris
1071 4142 1103 4200 in
1112 4146 1261 4220 campote
1273 4144 1365 4204 vehat
1377 4144 1425 4208 ala
1436 4147 1514 4211 noli,

934 4229 1009 4289 Cum
1021 4223 1116 4282 radiis
1126 4225 1199 4284 astri
1212 4225 1359 4286 convallis
1373 4247 1445 4306 repe
1455 4227 1510 4286 sub
1523 4227 1662 4292 umbram
1674 4273 1684 4310 ,

974 4309 1055 4366 Lene
1066 4307 1149 4384 quod
1165 4327 1277 4364 arcano
1288 4329 1342 4388 per
1352 4311 1434 4384 ‘nitet
1448 4330 1501 4372 ore
1520 4330 1640 4370 nemus.

933 4389 1119 4450 Prudentem
1131 4387 1207 4448 iecit
1220 4390 1313 4459 deus,
1330 4400 1364 4450 ιιι
1376 4412 1462 4451 mens
1477 4395 1619 4458 nosceret
1631 4394 1747 4471 ipsum

977 4474 1256 4536 Naturaauctcrem
1270 4473 1321 4534 det
1337 4473 1392 4537 tibi
1406 4495 1494 4533 nosse
1507 4491 1607 4535 suum.

934 4557 986 4622 Est
999 4556 1103 4612 animo
1117 4571 1185 4630 quse
1201 4573 1259 4612 vox
1276 4600 1284 4628 ‚
1299 4565 1400 4614 taceat
1420 4555 1493 4618 licet
1506 4554 1578 4628 ille,
1591 4555 1754 4650 loqueturg

975 4637 1056 4700 Huic
1066 4635 1135 4718 quis
1148 4637 1289 4704 ncnroei
1301 4640 1423 4712 conseia
1435 4637 1526 4706 corde
1538 4639 1640 4730 gerit?

1274 4753 1410 4784 r·····-··-7

968 4781 1204 4904 aoxceaoncs
1225 4771 1378 4880 omissi
1399 4819 1499 4882 aare
1518 4821 1730 4906 succesus,

1214 4940 1252 4986 ιιι
1273 4938 1469 4998 accessuros.

940 5043 998 5135 ῼιιί
1013 5061 1133 5138 mecam
1144 5043 1245 5104 fatuos
1257 5041 1380 5104 ridebas
1390 5063 1469 5123 saepe
1479 5093 1488 5120 ‚
1500 5047 1688 5147 Tlrelanderg

983 5125 1054 5201 llaec
1065 5134 1156 5192 etiam
1169 5127 1274 5187 sannis
1287 5128 1392 5210 accipe
1405 5127 1499 5207 digna
1515 5133 1587 5192 tuis.
