3874 5726
898 372 901 382 =
948 351 1007 394 XLV

93 441 188 504 'lecte
203 442 367 525 plsoesnt.
383 441 677 508 cerens-tumore
704 441 849 503 testantis
863 457 938 521 pro·
976 435 1142 516 inmollis·
1152 435 1298 502 belsilleri
1312 438 1420 523 lyricis
1429 435 1574 502 eminere
1586 435 1692 502 seculi
1705 435 1775 521 einr
1786 483 1800 518 ,

104 547 242 608 ponens,
263 528 301 588 ln
331 529 438 608 paucis
458 527 638 589 Sannararii
661 526 728 585 odis
751 526 868 585 eminet
889 525 938 582 in-
977 521 1003 580 si
1015 522 1059 580 ita
1072 521 1178 582 dicere
1191 523 1239 582 ias
1254 535 1317 601 est,
1338 521 1533 606 philosophia
1548 526 1676 584 veniens
1698 521 1802 582 excel·

106 611 224 688 scripta
250 613 291 672 od
316 613 418 671 vittoni
444 611 660 690 Merpittinom3
685 609 711 668 J.
739 607 825 668 B.·et
847 607 935 666 Corn.
975 601 1203 682 lentia,quam
1222 610 1255 666 in
1277 608 1455 668 merueratis
1480 607 1799 686 neolstinisqurerere

107 691 346 755 Amaltheorum
365 692 456 752 bonis
470 691 658 764 nataliciis,
678 699 762 750 certe
784 709 845 748 una
869 687 955 768 plu-.
975 685 1147 746 ridiculum
1163 686 1255 749 foret.
1272 689 1394 750 Scilicet
1410 709 1462 750 eos
1475 690 1609 750 maxime
1622 707 1798 768 comperen-

102 793 155 834 res
169 791 233 835 non
247 776 448 844 adnumerem
461 796 470 846 ς
485 794 543 834 neo
560 773 671 832 multas
686 779 950 851 composuerunt„
975 773 1031 830 dos
1046 769 1204 844 donimus,
1220 773 1275 850 qui
1290 783 1321 832 et
1340 773 1443 834 forma
1461 771 1635 832 carminum
1651 781 1682 830 et
1702 790 1798 849 ergu-

110 855 302 918 Berusldum
344 857 445 918 tribus
479 858 652 916 carminum
693 855 783 914 libris
807 853 952 924 Horatio,
973 859 1079 910 urento
1095 854 1196 911 minus
1211 856 1430 934 discreparent·

105 949 324 1018 comparatum
341 941 438 1018 ‚quin
461 941 555 1000 etiam
569 959 584 998 a
600 937 693 1003 Paulo
712 939 801 998 dorio
814 935 937 994 festivi·
1015 932 1067 993 83.
1078 934 1241 1014 Hucusque
1253 939 1293 996 de
1310 939 1416 1017 Lycios
1430 961 1438 1014 ς
1462 955 1553 1016 aeque
1574 935 1676 1013 gravis
1696 931 1796 1014 poesis

107 1023 185 1080 tatis
197 1023 270 1080 dote
287 1022 449 1101 praelatum
464 1041 550 1096 esse,
570 1030 679 1080 testem
694 1019 795 1078 habeo
806 1019 950 1096 Gingue.
974 1015 1139 1076 neolstinoe
1153 1038 1223 1096 pars
1234 1019 1368 1097 elegiaca
1381 1045 1389 1081 r
1402 1041 1494 1099 quam
1508 1018 1531 1076 si
1541 1017 1795 1094 theoretiensquis

105 1103 150 1162 sni
169 1102 260 1184 (rol.
271 1103 301 1164 7.
313 1126 345 1184 p.
359 1103 430 1164 20³.
444 1105 459 1178 )
475 1125 484 1174 ς
503 1121 567 1180 quo
584 1105 681 1180 magis
694 1102 793 1162 illoss
807 1120 855 1161 me
872 1101 936 1160 lec·
973 1096 1069 1158 homo
1092 1097 1187 1178 lyrico
1212 1101 1465 1182 comprehensam
1491 1099 1589 1174 sciit,
1613 1119 1691 1172 nos,
1713 1097 1793 1174 nihil

109 1194 160 1243 tos
175 1185 306 1246 vetlem.
321 1187 471 1258 Tametsi,
493 1187 532 1242 de
546 1185 695 1257 Horatio,
711 1204 774 1243 non
796 1183 906 1242 dubito
924 1227 933 1253 ,
974 1190 1082 1240 contro
1097 1179 1270 1253 luctantes,
1287 1184 1419 1262 elegiaca
1431 1184 1485 1246 hio
1498 1183 1634 1261 intelligi
1653 1179 1795 1242 distichis

107 1269 245 1326 nimium
260 1269 348 1330 lusio
363 1268 545 1328 Iterosldum
556 1261 716 1346 placuisse.
726 1265 801 1342 Ego,
814 1275 849 1324 ut
860 1266 936 1324 elios
974 1264 1011 1321 sd
1028 1263 1206 1324 Groeoorum
1233 1276 1263 1325 et
1278 1267 1491 1338 'Romanorum
1514 1265 1688 1344 exemplum
1707 1283 1794 1324 corn·

108 1369 164 1408 me
183 1351 357 1412 declarasse
371 1350 560 1423 memini,si
581 1350 653 1427 quis
666 1349 793 1410 Horatio
809 1367 935 1426 compa·
972 1345 1070 1424 posita
1106 1346 1258 1408 volumus.
1282 1350 1317 1408 ln
1341 1351 1392 1410 his
1415 1349 1549 1434 palmam
1573 1345 1682 1406 Ovidiu
1706 1346 1794 1407 dedit

105 1432 228 1492 sendus
237 1479 246 1509 ,
266 1435 446 1494 etiamnunc
477 1431 669 1495 Sarbierium
696 1432 836 1506 caeteris,
857 1449 935 1508 quos
973 1427 1156 1500 llorhofius3
1171 1431 1337 1504 Goetheus,
1352 1421 1462 1494 melium
1474 1429 1674 1508 sanepulehri
1686 1425 1796 1508 judex,

108 1515 212 1592 novi,
237 1516 343 1594 lyricis
388 1515 552 1576 neolatinis
585 1523 818 1590 anteponerem.
850 1514 936 1573 lnter
972 1509 1125 1588 Propertii
1139 1513 1252 1572 instuit
1266 1515 1462 1592 cognominis
1476 1513 1792 1590 honorcmeego,st

109 1605 206 1658 oetste
234 1599 423 1658 recentiores
439 1595 554 1660 Klotsii
583 1607 616 1658 et
636 1594 770 1656 Helvetii
793 1595 934 1676 quedam
972 1593 1147 1662 omninoin
1169 1595 1292 1670 Ouidio,
1314 1599 1410 1658 sicin
1433 1595 1501 1676 eins
1523 1593 1667 1672 elegiacis
1693 1592 1790 1654 assutis

107 1699 171 1742 non
189 1681 428 1740 contemnenda.
971 1673 1121 1748 laudans,
1138 1677 1236 1736 multa
1254 1699 1386 1759 carpens
1397 1721 1405 1751 ,
1416 1679 1628 1757 Propertium,
1643 1677 1668 1734 si
1684 1683 1790 1748 ,sotum

149 1759 199 1821 82.
224 1761 300 1822 Hoec
320 1762 359 1822 de
385 1763 481 1842 lyrico
506 1778 620 1839 genere
640 1759 806 1831 univcrse;
832 1777 934 1838 neque
972 1767 1104 1836 spectes,
1117 1759 1251 1833 Tibullo,
1275 1761 1307 1820 in
1322 1779 1427 1820 amore
1440 1771 1543 1820 tannen
1553 1759 1638 1820 huno
1648 1759 1791 1835 utrisque

115 1844 257 1904 serrendo
270 1844 406 1904 brevitas
416 1843 534 1924 patitur
546 1863 594 1902 me
605 1841 637 1899 in
653 1843 791 1920 portibus
805 1843 931 1901 morari.
970 1841 1111 1935 praeferu.
1134 1842 1314 1902 Neolatinos
1325 1853 1429 1903 autem
1445 1863 1501 1924 par
1515 1851 1582 1902 eret
1595 1861 1632 1900 ex
1647 1839 1793 1901 omnihus

110 1926 146 1984 iu
160 1927 371 1986 anacreonteis
387 1969 395 1998 ‚
410 1948 478 2006 qun
493 1934 603 1984 recent
613 1970 622 1998 ,
635 1934 687 1982 out
702 1925 932 1983 arnstoriisum·
952 1975 954 1980 .
969 1929 1058 2000 juxta
1082 1923 1232 1988 sermonis
1256 1927 1399 2006 copiosus
1412 1925 1546 2002 ideoque
1567 1921 1733 2002 plurimam
1751 1942 1789 1982 ex

106 2007 183 2066 nino
196 2051 203 2080 ‚
214 2011 272 2067 etsi
294 2007 415 2068 ludenti
438 2009 575 2088 quscsitse
603 2008 774 2066 venustatis
788 2008 932 2066 acumine
967 2003 1077 2064 Ovidio
1091 2013 1213 2084 pctere;
1236 2008 1287 2066 sed
1303 2029 1358 2087 pro
1371 2008 1547 2086 argumenti
1561 2005 1711 2066 varietate
1734 2003 1789 2065 alii

101 2108 165 2148 nors
179 2090 419 2168 cerent,eximia
434 2101 536 2152 lernen
552 2088 825 2149 meritohabentur
839 2089 931 2150 toen-
966 2085 1062 2145 alium
1077 2089 1174 2166 magis
1194 2109 1385 2169 expressere,
1409 2094 1443 2148 in
1459 2089 1548 2148 nullo
1570 2088 1699 2148 fortasse
1717 2105 1789 2146 cor-

101 2173 152 2230 nis
176 2173 312 2236 Secundi
333 2171 442 2234 Basia.
465 2174 502 2234 In
537 2172 663 2250 hymnis
699 2170 888 2230 Sancts'rlium
914 2168 930 2201 *
966 2165 1085 2228 minum
1100 2190 1214 2248 genere
1237 2173 1276 2232 ad
1300 2172 1444 2240 servilem
1470 2171 1675 2232 imitationem
1697 2189 1788 2246 seque

99 2256 275 2329 miseratum
295 2276 345 2316 me
365 2257 460 2316 marita
487 2254 686 2324 laudantibus
716 2256 788 2312 sniis
808 2255 847 2310 sit
870 2251 928 2310 nd·
964 2251 1134 2328 proclivem
1147 2253 1186 2312 de
1199 2275 1262 2332 quo
1276 2251 1350 2320 alibi
1363 2257 1444 2313 diets
1457 2252 1783 2314 subicianttlaeterum

99 2333 215 2410 scribi,
240 2337 327 2398 vide
348 2340 441 2398 etism
462 2357 580 2418 pauco,
606 2336 757 2396 Sarbievii
779 2334 926 2395 etledei
963 2334 1205 2410 primosdeterri
1218 2337 1373 2397 insenioa
1388 2336 1679 2408 nonnullisSabino‚
1691 2353 1785 2412 quens

99 2419 245 2496 quaedem
260 2420 351 2480 valde
364 2421 559 2500 probantem.
576 2419 612 2479 Iu
634 2417 781 2490 canticis,
805 2428 840 2476 ut
854 2439 925 2497 pro.
962 2413 1068 2476 laudes
1080 2463 1088 2492 ,
1100 2433 1173 2478 seue
1189 2437 1251 2478 uon
1267 2419 1398 2496 indigno
1407 2465 1416 2494 ,
1433 2418 1605 2498 splurimis
1617 2417 1781 2492 Lutichio,

97 2505 170 2582 prie
184 2512 297 2561 vocent
305 2548 317 2576 ,
332 2501 435 2581 qualia
447 2549 455 2578 ,
469 2502 501 2561 in
514 2501 614 2579 iisque
626 2500 734 2578 hyruui
748 2545 756 2570 ,
771 2502 803 2558 in
818 2501 925 2560 catho-
961 2501 1049 2576 cujus
1069 2499 1164 2558 naulis
1190 2502 1232 2560 ita
1258 2512 1329 2561 sunt
1345 2501 1455 2562 exinsia
1469 2545 1478 2573 ,
1491 2509 1534 2570 ¹ut
1554 2520 1617 2560 nou
1640 2499 1782 2560 dubitem

97 2583 237 2644 licornm
251 2586 387 2644 ccelesiis
402 2582 817 2662 cantantur,plernqueoum
833 2583 922 2659 elias,
961 2599 995 2638 ea
1013 2580 1177 2642 celebratis
1200 2583 1323 2643 Goethei
1347 2585 1443 2643 rmstri
1456 2583 1563 2658 elegiis
1578 2623 1586 2651 ,
1599 2601 1688 2660 quas,
1703 2601 1782 2660 qua-

94 2671 164 2724 tum
179 2665 281 2728 forms
300 2669 395 2728 etiam
410 2677 439 2726 et
453 2665 701 2726 homoeotelcutis
716 2665 853 2724 versibus
874 2685 922 2725 re·
959 2673 1161 2724 tuortentum
1176 2665 1304 2735 omissis,
1316 2687 1331 2724 o
1341 2663 1626 2726 metronslstashoo
1637 2663 1784 2724 volumen

93 2747 247 2810 centioris
263 2759 334 2810 sunt
354 2751 474 2829 poesis3
496 2748 528 2808 in
543 2750 715 2826 codemque
736 2766 870 2825 genere,
887 2758 921 2808 ut
959 2747 1100 2806 continet
1110 2793 1119 2822 ,
1136 2757 1202 2808 arte
1224 2769 1349 2830 sequare
1363 2793 1374 2822 ,
1399 2747 1537 2808 dictione
1558 2757 1662 2820 sutem
1677 2755 1708 2804 ct
1721 2763 1780 2806 nu'·

92 2829 196 2888 multe
212 2831 342 2909 inepta,
367 2830 410 2890 sic
431 2829 554 2908 egregia
570 2832 663 2890 etism
689 2832 849 2908 reperiunt
871 2832 923 2892 in·
952 2831 1053 2888 ,riseris
1075 2839 1287 2910 anteponere,
1306 2833 1460 2910 exceptis,
1487 2831 1510 2887 si
1529 2847 1599 2909 quse
1621 2838 1693 2888 sunt
1714 2837 1782 2890 erte

91 2911 260 2989 geniorum
275 2911 354 2991 sequi
367 2917 576 2973 oestirnatores.
591 2916 656 2987 Quo
671 2914 767 2986 magis
791 2912 922 2974 laudan·
960 2931 1084 2989 prorsus
1095 2913 1287 2992 excipiendae.
1299 2957 1307 2984 ,
1319 2913 1511 2992 longioribus
1525 2912 1659 2987 duabus,
1673 2910 1781 2974 Atesis

91 2995 150 3052 dus
164 2993 342 3067 Sitbertius,
356 2995 478 3072 vulgata
496 2995 665 3071 (Viennae,
682 2994 762 3053 1820
774 2999 786 3072 )
799 2997 920 3074 piorum
959 2995 1099 3067 etDoro,
1123 3005 1154 3054 et
1172 2997 1390 3077 Euphrosyne„
1401 3003 1488 3056 tento
1504 2993 1631 3072 ingenio
1654 2991 1756 3069 dignis
1772 3017 1783 3067 ι

90 3074 295 3150 carrninnm,
316 3079 479 3138 rrssximam
506 3086 624 3156 partem
649 3077 834 3150 latinorum,
849 3097 920 3154 ger·
958 3076 990 3134 in
1003 3077 1119 3138 caeteris
1130 3081 1212 3136 enim
1224 3099 1329 3158 pauore
1337 3123 1348 3150 ,
1359 3098 1426 3157 quse
1441 3077 1553 3136 Tibulli
1568 3075 1780 3155 ssiiPropertii

90 3159 217 3216 monice
232 3161 388 3230 versione,
413 3158 563 3238 inscripto
586 3157 678 3220 titulo
692 3161 767 3221 Dour
789 3161 921 3241 licitique
958 3158 1101 3218 meliores
1111 3172 1271 3240 superent.
1284 3161 1399 3220 Verum
1421 3160 1500 3234 huo,
1522 3169 1556 3218 ut
1572 3157 1671 3234 multa
1684 3154 1780 3238 hujus

91 3241 232 3320 Scupos,
249 3240 387 3303 diffiicile
408 3263 481 3300 saue
494 3240 674 3320 interpretis
688 3262 836 3314 munere,
861 3263 919 3303 nec
957 3239 1197 3318 dissertationis,
1223 3242 1285 3302 illis
1306 3244 1424 3302 dicium
1444 3244 1501 3314 sit,
1523 3242 1578 3320 qui
1595 3239 1719 3298 nonnisi
1741 3245 1781 3302 ste

90 3322 177 3382 male
190 3321 336 3396 functus,
351 3326 520 3402 praesertim
534 3323 589 3382 ubi
601 3345 707 3384 versus
722 3345 787 3384 non
808 3345 919 3386 oouso-
957 3327 1089 3400 cugnitis
1113 3327 1338 3404 pronuntiant,
1353 3345 1410 3384 nec
1429 3323 1636 3404 prseoccupeti
1657 3323 1779 3402 opinio-

89 3414 207 3463 nsntes
233 3405 302 3485 (sio
327 3403 418 3464 licent
448 3405 704 3468 hirnroeotetcutos
732 3407 915 3490 adpellare)
956 3405 1062 3477 nibus,
1084 3411 1251 3485 quominus
1276 3417 1396 3466 reolum
1423 3410 1564 3482 videant,
1600 3407 1778 3484 impediun-

90 3488 339 3548 consouantibur
363 3488 511 3548 reddidit.
538 3489 580 3547 De
598 3509 658 3572 qua
680 3508 713 3548 re
729 3510 791 3548 non
815 3490 917 3552 alieno
957 3494 1016 3545 tur.
1033 3489 1145 3568 Nempe
1160 3511 1222 3548 non
1237 3493 1388 3572 quaeritur
1402 3491 1470 3561 hic,
1486 3491 1578 3567 quis,
1592 3489 1776 3567 quantussd

89 3565 161 3630 loco
182 3569 545 3630 huconimsdvertimus.
560 3571 635 3630 Nam
650 3575 846 3631 consonantia
862 3573 916 3634 ille
956 3569 1125 3632 Goetheurn
1143 3573 1321 3649 Lotiohins;
1338 3593 1436 3634 unum
1459 3571 1630 3650 queeritur,
1646 3573 1722 3647 quid
1744 3571 1778 3632 iu

89 3671 192 3728 quoru
208 3651 342 3714 mirifice
364 3663 514 3732 nugentur
539 3673 737 3715 nusrrerorurn
755 3658 815 3731 sis,
841 3656 917 3716 hinc
956 3653 1065 3730 elegiis
1086 3654 1139 3716 hic
1161 3655 1338 3716 neolatinus
1350 3679 1358 3732 3
1373 3655 1428 3716 ille
1447 3657 1548 3734 patrio
1569 3673 1711 3714 sersuone
1730 3656 1779 3716 et-

83 3734 143 3805 sfis,
174 3743 209 3795 ut
236 3735 332 3796 multa
350 3737 431 3816 aprud
451 3743 603 3794 nostrates
617 3749 800 3808 occurrant,
823 3757 913 3817 quae,
955 3733 1074 3795 fecerit.
1088 3735 1228 3798 hesichio
1247 3758 1303 3816 par
1316 3746 1370 3796 sut
1388 3741 1563 3816 prosimus,
1579 3737 1721 3816 quomis
1733 3738 1779 3796 ri-

88 3825 239 3876 ceterum
253 3816 614 3896 interiorn,rhythmica
636 3821 746 3896 utique
766 3820 917 3881 suavitate
955 3820 1069 3878 cesirrro
1091 3823 1201 3897 quinto
1222 3821 1322 3880 retritis
1340 3841 1424 3878 anrro
1442 3817 1777 3888 estisrotus‚tosnnes
1843 3875 1846 3882 Δ

87 3907 144 3958 eut
160 3907 289 3978 sequent
299 3909 354 3958 sut
365 3901 509 3978 superent
525 3900 618 3979 lyrica
644 3901 751 3962 latina.
767 3903 840 3962 Hseo
855 3905 917 3980 igi·
955 3901 1133 3972 Secundus,
1149 3921 1251 3980 neque
1272 3903 1325 3962 hic
1348 3910 1409 3960 tarn
1429 3901 1641 3974 contendens,
1668 3911 1704 3962 ut
1723 3922 1779 3962 re·

89 3987 141 4038 tur
171 3983 197 4037 si
220 3981 350 4060 reliquis
376 3983 500 4042 dotibus
530 4003 592 4042 non
618 3994 760 4060 careant,
793 3985 917 4048 facilius
955 3983 1073 4044 teribus
1095 3984 1273 4060 simillima,
1296 4003 1390 4067 quam
1416 3995 1451 4044 ut
1477 3987 1541 4064 ipsa
1568 3985 1664 4044 amini
1688 4003 1776 4046 sense

88 4057 150 4140 jem
169 4061 288 4124 Horatii
303 4065 520 4144 pulcherrimis
535 4067 620 4143 paris
636 4075 710 4138 ,aut
723 4067 916 4148 preferenda
955 4066 1077 4142 eodem,
1091 4087 1154 4150 quo
1168 4067 1215 4125 illi
1226 4115 1234 4144 ,
1246 4068 1395 4128 sermonis
1410 4068 1529 4137 nitore,
1544 4067 1650 4126 eadem
1666 4086 1777 4128 nunce-

89 4145 171 4202 adeo
182 4146 342 4219 invenias,
356 4167 426 4225 quse
438 4148 562 4225 quidem
578 4167 635 4226 ego
649 4151 681 4208 in
699 4149 785 4208 nullo
801 4161 918 4212 nostre·
955 4165 1062 4208 rorum
1077 4151 1370 4220 suavitate,esdem
1396 4148 1445 4208 vel
1472 4158 1538 4212 orte
1552 4147 1601 4207 ret
1626 4150 1777 4228 simplici·
1825 4183 1829 4190 ·

89 4226 171 4286 tium
186 4229 294 4298 eitius,
313 4249 405 4308 quam
424 4229 454 4290 in
469 4228 635 4303 Schillero,
657 4251 840 4310 qumrerem.
855 4235 917 4298 Cur
956 4238 1019 4290 teto
1032 4234 1196 4312 exprimat·
1210 4232 1304 4312 Idem
1314 4240 1497 4312 arguissento
1512 4233 1634 4307 verius,
1650 4253 1775 4310 prorsus

88 4318 272 4372 autemnon
287 4310 363 4374 huic
377 4311 500 4392 potius,
515 4332 607 4390 quam
623 4313 824 4394 Klopstockio
843 4339 918 4376 near·
955 4314 1103 4389 idoneus,
1117 4335 1209 4398 quom
1223 4316 1402 4394 magnis‚.ut
1416 4313 1612 4388 omniomnis
1626 4312 1772 4393 elegiacis

88 4386 205 4450 latinos
216 4398 412 4471 opposuerim
429 4440 438 4470 ,
461 4396 541 4454 ratio
557 4405 603 4454 est
618 4407 681 4455 turn
705 4401 917 4462 consonantiis
954 4401 1052 4475 poetis
1068 4399 1219 4458 conteras.
1234 4400 1270 4458 ln
1289 4399 1406 4458 coeteris
1427 4395 1590 4458 Heinsium
1605 4407 1775 4476 utrumque

89 4475 211 4542 ususin
227 4474 278 4534 hir
297 4475 460 4562 hucusque
474 4497 538 4540 nou
551 4479 717 4559 probatus,
738 4493 826 4563 tum,
845 4501 916 4568 quos
955 4478 1033 4538 mire
1046 4481 1153 4541 felices
1167 4482 1273 4544 laudat
1291 4479 1478 4552 llorhofius3
1501 4498 1559 4556 ego
1572 4479 1689 4539 Nicotni
1712 4482 1774 4541 ele-

895 4599 897 4608 =
953 4563 1019 4640 glas
1032 4566 1175 4646 probatas
1190 4563 1266 4623 mihi
1280 4563 1427 4633 utemini,
1452 4581 1522 4644 quae
1542 4565 1575 4620 iu
1598 4562 1715 4646 italice,
1738 4565 1774 4646 iun

951 4643 1775 4723 llomaememorandisversantur,quorumergurnento

951 4729 1068 4793 simites
1083 4732 1224 4812 plurime
1243 4738 1315 4787 sunt
1333 4730 1554 4800 recentiorum,
1578 4730 1643 4787 sive
1665 4729 1774 4789 neola-
1855 4753 1864 4770 ·

949 4816 1085 4878 tinorum
1096 4816 1298 4875 sivenliorum
1312 4811 1602 4892 poetarum5quibus
1616 4831 1653 4869 nn
1662 4831 1775 4890 ‚quoue

113 4710 893 4748 mm

121 4874 297 4940 *Dictioejns
316 4876 371 4928 fero
391 4879 520 4945 perspicua
538 4889 562 4933 et
579 4882 686 4950 facilis,
700 4888 743 4942 sed
759 4909 906 4968 sepesrgu·
947 4910 1094 4987 praespent
1105 4899 1193 4958 latini
1204 4943 1211 4976 ,
1222 4894 1275 4960 hic
1291 4916 1352 4954 non
1363 4896 1561 4972 inquirimus,
1574 4894 1707 4952 Danielis
1717 4915 1778 4956 aa.

88 4942 781 5087 iiiidsisiuffdiibbiiiiddiisuiitdihammqridrdiiltimisi?-
792 4965 911 5080 2¹:²¹&ss
948 5000 1009 5050 tens
1025 4976 1424 5060 Heinsiiolegissexquisita
1441 4973 1609 5050 latinitate,
1622 4977 1773 5038 Facilitate

88 5083 178 5138 mess,
203 5090 254 5150 pon
273 5075 391 5140 graphice
407 5076 576 5131 describente.
592 5083 655 5134 Sum
674 5092 755 5137 temen
778 5099 802 5140 es
823 5093 909 5151 vivide
947 5070 1099 5140 mirabili,
1113 5061 1274 5126 sententiis
1287 5065 1380 5120 etiam
1393 5061 1612 5137 venustas‚sed
1625 5079 1640 5117 a
1654 5061 1775 5120 servitis

28 5201 29 5220 χ
89 5147 114 5195 et
129 5142 258 5208 ingeniose
270 5142 444 5210 dictemults,
457 5147 550 5198 iscium
565 5163 670 5204 cernua
679 5162 702 5204 et
713 5157 807 5222 gravis,
948 5155 1017 5216 labe
1029 5149 1214 5212 imitationis
1226 5161 1288 5226 narn
1308 5163 1413 5206 ornnes
1428 5144 1565 5224 integras
1586 5141 1772 5224 judicamus.
