3878 5718
92 297 235 367 Sentitur
248 312 349 370 cordis
363 283 398 373 in'
408 304 551 389 latebris,

92 389 154 448 Sed
169 390 240 450 solis
252 391 356 456 luriten
372 395 487 478 'r'elugit
503 423 510 458 :

93 543 230 641 Summis
244 570 339 628 quum
353 555 501 632 gradibus
514 525 642 638 repente

94 629 232 690 Auditur
243 633 325 692 circo
336 645 394 696 voi
408 636 532 698 silente:

97 735 114 762 «ι
126 711 206 770 Heus
219 755 228 784 ,
239 714 377 795 adspice,
393 719 561 790 Theotimi,
578 717 626 799 (l)

92 791 140 851 En
157 794 214 853 tibi
225 815 315 877 grues
325 799 412 881 Ibyci
427 805 433 861 t
450 828 464 856 a

93 873 270 955 Statimque
285 879 395 942 coelum
410 883 614 962 obscuratur,

94 956 135 1052 Et
146 977 259 1035 gruum
274 1004 283 1033 ‚
297 983 368 1024 eece
380 1007 390 1038 ,
402 968 567 1026 attonitam

95 1038 385 1121 Nigrantcffagmine
397 1047 544 1109 dematur

95 1121 474 1206 Caterrasnpercaream.

100 1304 115 1334 a
125 1279 214 1361 Ibyci
224 1277 232 1343 l
244 1283 416 1346 s..Novus
432 1287 458 1348 it
471 1286 636 1349 adnomen
649 1283 713 1345 cari
730 1280 775 1366 (2)

95 1361 254 1425 Percorda
266 1385 392 1445 maeror,
405 1370 502 1449 inque
513 1370 593 1430 mari

94 1447 265 1507 utendam
274 1451 357 1511 unda
374 1451 503 1524 celerat,

96 1527 143 1590 sd
152 1549 187 1586 os
198 1529 239 1589 ab
253 1550 307 1592 ore
320 1543 464 1614 properat
477 1554 486 1594 a

102 1635 116 1664 ι
129 1610 218 1690 Ibyci
231 1609 238 1671 !
251 1631 343 1692 quem
358 1617 510 1694 gemimus
521 1659 534 1688 ,
545 1617 669 1680 necavit

98 1693 193 1766 Quem
209 1692 289 1756 latro
303 1696 387 1758 inter
401 1694 545 1758 nemora!

97 1775 178 1848 Quid
186 1775 274 1838 hoc?
287 1780 387 1840 sciens
400 1781 476 1858 quid
490 1781 544 1842 hic
554 1779 724 1846 clamavit?

98 1857 222 1918 Gruum
232 1861 309 1940 quid
320 1863 429 1924 volunt
439 1865 564 1943 agmina
576 1867 592 1927 i
602 1893 617 1921 ·

98 2013 133 2074 Et
147 2014 294 2082 fremitus
303 2023 414 2084 crescit
422 2032 608 2107 rogantum,

97 2097 134 2156 Ut
151 2097 274 2165 fulmen
287 2105 361 2166 ferit
371 2107 569 2187 pavitantem

96 2176 236 2266 Praesaga
248 2188 340 2248 corda
356 2209 365 2248 z
381 2211 396 2244 a
410 2189 550 2248 vindices

97 2261 288 2356 l'raesentes,
301 2290 391 2345 ecee,
403 2269 589 2332 Eumenides
601 2274 610 2332 t

97 2343 154 2402 Βῆ
165 2370 256 2412 carus
268 2363 353 2414 vates
366 2353 544 2412 vindicatur
557 2399 566 2430 ,

96 2425 266 2524 Pelousion·
278 2442 376 2494 semet
396 2435 528 2495 tradidit
542 2432 548 2494 l

97 2509 160 2582 Qffi
174 2519 306 2578 verbum
316 2518 417 2590 dixit,
431 2509 594 2598 rapiatur,

136 2598 214 2664 boui
226 2599 344 2660 dictum
358 2599 466 2662 fuerit.
476 2622 493 2655 s

102 2767 159 2827 Ast
171 2762 390 2836 illumtfll'l't315
409 2767 545 2830 evolasse
557 2803 567 2839 9

100 2851 262 2910 Incassum
274 2852 399 2923 pectore
411 2867 547 2913 servasse

101 2931 191 3011 Quod
206 2927 322 2990 vellet:
336 2946 389 2986 ora
405 2933 524 3014 pallida

102 3023 140 3080 Se
150 3013 287 3094 produnt
298 3008 393 3089 culpae
407 3017 540 3076 conscia,

103 3109 148 3170 Ad
163 3101 300 3187 judicem
313 3103 394 3177 rapti
410 3097 602 3170 trahantur,

102 3181 253 3252 Tribunal
265 3183 328 3261 ipsa
336 3199 427 3242 scena
439 3183 475 3242 fit
486 3225 496 3257 ,

103 3272 272 3344 Scelusque
287 3263 361 3324 lassi
376 3266 551 3347 puniuntur
559 3304 572 3334 ,

105 3360 191 3432 Quos
204 3348 299 3410 ultrix
309 3348 434 3411 flamma
448 3341 551 3425 tetigit
561 3339 577 3404 .’

440 3549 607 3584 Μ

428 3677 616 3750 llltlIlOLlll.

110 3883 281 3970 (Sobittari
302 3875 355 3942 der
379 3863 575 4018 Gaapssapffilp
592 3860 672 4026 >deas
696 3848 934 3915 Eirenhemmar.

575 3989 583 4006 '
607 3989 614 4028 l

111 4169 292 4236 Fridolinus
303 4171 369 4226 erat
382 4157 536 4234 famulus,

114 4259 185 4318 Pius
199 4253 253 4332 qui
268 4239 390 4310 Domini
400 4243 444 4323 (3)

115 4343 152 4399 In
166 4343 252 4398 metu
265 4333 350 4392 herm
362 4327 485 4387 deditus
497 4368 506 4400 ,

113 4413 384 4483 Savernmcorniti.
471 4487 478 4502 .
516 4483 523 4500 .

113 4503 185 4565 Haec
195 4501 276 4560 lenis
291 4499 433 4570 bonaque
448 4503 602 4557 nimium,

114 4587 172 4646 Sed
186 4583 240 4645 ille
250 4580 300 4642 vel
312 4574 483 4640 ludibrium

960 309 1107 370 chantis
1121 329 1209 390 aequo
1223 327 1292 368 cum
1304 308 1414 372 ardore

960 390 1456 474 Gaudcnsimptessettteiamore.

960 552 986 610 A
999 549 1099 628 primo
1111 566 1218 618 mane,
1230 565 1365 628 vesperae

885 635 888 644 ’
959 630 1037 688 llum
1049 649 1171 708 precem
1181 629 1292 689 recitat
1302 676 1312 705 ,
1357 653 1364 670 ·

959 708 1022 772 Uni
1036 711 1160 773 vivebat
1170 711 1303 772 dominer
1310 757 1320 790 ,

960 793 1009 852 Nil
1021 795 1094 854 satis
1100 793 1222 873 judicat
1232 837 1242 868 ,

960 876 1124 954 Quumque
1134 874 1187 935 illa
1200 896 1208 934 r
1222 893 1262 932 ne
1276 873 1317 933 sis
1330 873 1445 935 nimius
1453 918 1463 953 ‚

960 959 1037 1018 lluie
1048 957 1190 1017 madebat
1198 955 1322 1030 oculus,

960 1039 998 1100 Et
1011 1041 1133 1100 muneri
1147 1059 1178 1098 se
1188 1037 1352 1118 reputabat

961 1121 1071 1184 Deesse
1080 1169 1091 1201 ,
1100 1123 1125 1181 si
1139 1141 1203 1182 non
1214 1120 1382 1182 cruciabat.

961 1300 1027 1362 Prae
1039 1301 1147 1361 turmis
1160 1296 1234 1358 inde
1248 1295 1375 1359 famulis

960 1384 1048 1443 Hunc
1061 1401 1161 1442 eomes
1176 1380 1284 1440 tollere
1297 1421 1306 1452 ‚

960 1465 1135 1546 Apulchris
1147 1482 1246 1543 usque
1259 1459 1351 1522 labiis

959 1547 1038 1607 Laus
1051 1549 1118 1627 ejus
1129 1543 1244 1622 liuore,

885 1669 891 1676 ·
959 1629 1097 1690 ilabebat
1109 1649 1168 1689 nec
1177 1638 1212 1688 ut
1225 1624 1400 1700 famulum,

959 1710 1037 1772 Nam
1050 1712 1166 1772 fecerat
1180 1711 1362 1779 coctilium,

961 1795 1147 1874 Clarumque
1157 1794 1263 1854 lumen
1274 1799 1362 1873 grata
1375 1803 1462 1850 mora

961 1875 1098 1940 Venusia
1109 1877 1256 1938 tuebatur
1265 1893 1330 1938 ora.

962 2057 1102 2118 Venator
1116 2051 1201 2116 unde
1214 2049 1331 2114 lividus

962 2138 1114 2200 liebertus
1128 2143 1264 2212 arserat,

962 2221 1001 2282 Et
1014 2220 1088 2282 felle
1102 2221 1191 2300 niger
1204 2219 1327 2280 animus

964 2306 1209 2378 Diutumuerat3

963 2387 1011 2450 nd
1024 2387 1209 2464 facinusque
1222 2381 1330 2445 celeris
1426 2384 1430 2387 “

964 2468 1048 2530 Bolis
1061 2476 1200 2548 apertam
1211 2465 1332 2526 comitis
1340 2471 1359 2537 ,'

880 2587 890 2608 ι
966 2553 1103 2630 Sequens
1114 2557 1231 2610 venatu
1244 2549 1473 2620 revertentem,

966 2630 1146 2716 Suspicione
1166 2631 1273 2692 turbat
1286 2635 1433 2689 mentem.

968 2792 1042 2868 Quis
1052 2800 1084 2852 te
1096 2832 1106 2864 ,
1116 2808 1218 2850 comes
1230 2829 1240 2862 ,
1256 2785 1379 2848 felicior
1390 2785 1408 2847 l

969 2881 1097 2936 Astutus
1110 2872 1222 2952 incipit
1234 2911 1244 2944 ,

969 2957 1036 3017 Non
1048 2955 1153 3016 tremit
1163 2972 1275 3032 anceps
1286 2949 1410 3012 tibi'cor
1422 2965 1433 3030 ,

849 3089 852 3098 .
968 3039 1030 3099 Nec
1044 3057 1197 3098 sommum
1211 3033 1348 3110 refugit,

892 3142 899 3156 ⁸
965 3121 1042 3182 Nam
1056 3121 1114 3180 tibi
1126 3121 1194 3199 conj
1201 3139 1241 3178 ux
1253 3114 1376 3191 nobilis,

967 3204 1096 3264 Pudoria
1109 3210 1176 3262 tuta
1191 3199 1343 3278 cingulis,
1406 3197 1408 3206 ’

973 3287 1040 3348 Non
1056 3293 1156 3366 speret
1172 3303 1264 3344 ausus
1285 3280 1367 3342 hane
1381 3290 1501 3344 tentare

974 3367 1028 3430 l'ia
1043 3368 1083 3429 de
1096 3367 1159 3427 lide
1172 3363 1375 3445 triumphare.

974 3528 1014 3589 ts
1026 3546 1127 3587 comes
1137 3571 1146 3603 ,
1155 3531 1263 3584 torvus
1273 3520 1404 3584 faeiem:

975 3611 1075 3686 Quid,
1089 3627 1223 3688 nequam
1235 3625 1360 3681 ‚narras
1372 3605 1444 3666 mi?

976 3692 1142 3754 Mulierine
1155 3690 1302 3766 fiderem,

977 3777 1015 3834 Ut
1029 3775 1112 3834 unda
1129 3771 1265 3832 mobili?

977 3857 1043 3918 lllox
1057 3857 1181 3916 blandis
1195 3873 1226 3912 sc
1237 3853 1291 3912 dat
1304 3847 1431 3910 vocibus
1447 3894 1458 3928 ,

975 3939 1039 4000 ltlea
1050 3941 1127 3998 lides
1138 3946 1197 3998 stat
1209 3935 1328 3995 firmius
1340 3976 1350 4007 ‚

976 4020 1342 4084 Savernicomitisuxore

979 4107 1162 4168 ‘lectantem
1173 4119 1261 4184 spero
1277 4095 1385 4180 procul
1396 4095 1474 4159 fore.

978 4266 1018 4327 Et
1033 4263 1111 4324 alter
1127 4268 1230 4320 :recte
1245 4256 1366 4338 judicas
1379 4301 1389 4333 ‚

980 4349 1113 4426 Dignum
1126 4339 1285 4410 ludibrio,

982 4433 1040 4506 Qui
1057 4437 1176 4490 tantum
1190 4423 1300 4500 audet,
1313 4427 1439 4502 reputas
1447 4465 1458 4498 ,

984 4515 1078 4574 Natus
1092 4510 1131 4569 de
1146 4505 1286 4576 famulo,

984 4597 1070 4656 Votis
1084 4593 1139 4672 qui
1154 4591 1255 4650 fertur
1269 4585 1378 4646 stolida

127 4717 892 4767 Μ
984 4680 1032 4740 nd
1043 4676 1200 4736 dominam
1214 4671 1392 4730 lascivia-

987 4761 1088 4836 Quid?
1098 4757 1164 4835 (ille
1178 4747 1513 4824 cordeoontvemento,)

152 4874 185 4927 nt
200 4851 306 4913 Nemini
326 4846 480 4914 timotheus,
493 4845 522 4914 υἱ,
538 4851 639 4912 vasam
657 4831 852 4916 contineamus.
872 4831 945 4906 7⁷¹⁶?
990 4849 1035 4907 An
1046 4843 1149 4902 haecce
1159 4857 1266 4898 narras
1278 4836 1316 4893 de
1327 4835 1450 4894 vivente
1460 4825 1514 4890 i·-

118 4931 206 4981 timins
218 4917 410 4974 substituimus,
424 4907 492 4976 quod
503 4921 524 4953 si
536 4901 669 4966 displicet,
685 4898 740 4964 lege
751 4895 888 4946 'limotheu
900 4913 946 4945 mr.

152 5000 186 5059 pat
193 4993 264 5041 Duos
274 4985 317 5035 bio
329 4985 462 5032 anaaaestcs
469 4968 548 5020 coacti
558 4965 715 5017 admisimus.
723 4980 747 5019 v.
757 4971 809 5015 not.
818 4962 849 5014 ad
861 4980 886 5030 p.
895 4976 950 5029 109.

148 5063 185 5122 (3)
195 5059 235 5110 sc.
247 5051 302 5116 dei,
316 5045 451 5100 desltsrra
462 5076 470 5106 ‚
482 5037 515 5090 da
532 5037 653 5102 sciantur·
987 5003 1057 5080 tta,
1073 4999 1157 5084 quod
1172 4998 1206 5060 in
1222 5015 1276 5059 ora
1288 4991 1453 5069 omnibus,
