3878 5718
140 381 273 472 ¹blisoeat
290 417 321 458 se
330 391 452 478 jubilo*
484 464 488 471 ,

105 473 200 534 Saum
219 477 264 536 vel
277 482 330 558 qui
345 494 431 542 vocet
448 481 543 545 uttan

148 556 225 614 Solis
238 579 290 620 eor
300 563 356 622 eub
369 563 500 641 lurniae3
545 583 547 590 ’

104 629 272 698 Subtrahat
284 662 334 717 se,
348 646 548 719 cuinullum,

145 719 242 780 Hoaea
255 718 331 782 flens
341 746 358 785 a
370 726 495 787 Foedere.

385 854 510 916 Chorus.

145 953 354 1036 sympathiam
366 963 461 1036 eolat,
478 967 594 1027 donum

186 1041 326 1118 Quisquis
339 1053 427 1104 terrae
442 1047 571 1124 fruitur,

188 1117 283 1198 Super
295 1135 373 1184 astra
387 1127 521 1204 tollitur,

144 1195 191 1260 ld
206 1203 304 1279 ignoti
320 1207 405 1266 ducit
416 1210 573 1270 thronum.

27 1409 36 1430 ,
103 1349 257 1410 Gaudium
268 1352 379 1412 bibunt
392 1357 562 1420 animantes

148 1433 194 1490 Ad
210 1443 326 1493 naturta
341 1429 458 1512 ubera,

102 1517 203 1576 Bonus
213 1559 221 1586 ,
231 1515 407 1594 improbus,
421 1526 569 1580 seetantes

144 1593 241 1654 Rosea
255 1596 394 1674 vestigia.

102 1677 211 1736 Suavia
222 1721 231 1750 ,
241 1685 346 1736 nectar
360 1679 412 1738 dat
423 1679 502 1760 Lyaei
514 1724 523 1753 ,

142 1757 198 1814 bat
208 1757 248 1815 ad
261 1767 390 1817 mortem
403 1763 564 1832 comitem,

102 1833 158 1898 Per
171 1851 263 1916 quem
274 1841 385 1898 vermis
398 1843 532 1918 gaudet,
545 1836 599 1902 oet
620 1878 623 1884 ·

143 1919 265 1978 Cherub
277 1929 390 1998 spectat
400 1924 524 1984 faeiem.

383 2039 508 2100 Chorus.

138 2140 312 2199 Creatorem
325 2139 478 2212 adoratis,
578 2157 582 2164 ·
601 2155 604 2162 ‘

177 2220 275 2279 Strata
291 2223 399 2279 mundi
414 2220 547 2282 saeoula?

178 2300 251 2359 Coeli
267 2321 358 2380 super
368 2305 464 2379 atria,

137 2385 233 2456 Quem
247 2391 377 2443 testatur
387 2402 440 2444 eor
448 2430 458 2461 ,
475 2381 627 2465 quaeratis.

98 2495 218 2556 Gaudio
229 2515 260 2555 se
274 2505 382 2557 natura
397 2508 480 2561 mota
505 2533 509 2540 ·

139 2579 269 2654 Reparat
289 2589 457 2658 perpetuo,
548 2601 555 2612 ⁸

97 2659 218 2718 Gaudio
228 2659 337 2718 mundi
353 2670 437 2720 vasto
448 2671 516 2724 rota

139 2741 216 2798 ltin
232 2739 400 2818 horologio.

98 2820 199 2880 Flores
210 2823 348 2898 germine
357 2822 500 2902 pellexit,

142 2903 223 2961 Soles
236 2902 333 2981 plagis
345 2903 474 2980 lucidis,

98 2981 209 3042 Globos
221 2983 318 3043 volvit
330 3028 339 3057 ,
353 3005 422 3064 quae
436 2987 567 3068 dispexit
594 3044 599 3053 .

138 3065 226 3124 Nulla
237 3064 318 3137 lens,
335 3068 368 3126 in
380 3070 485 3148 spatiis

380 3187 507 3253 Chorus.

137 3294 231 3369 laeti,
244 3294 320 3354 soles
333 3303 368 3355 ut
377 3295 515 3354 volantes

181 3377 584 3456 Campumperaethereum,

181 3459 337 3529 Vestrum,
350 3457 460 3517 fratres
469 3459 620 3533 ‚stadium

141 3539 189 3599 lte
200 3539 316 3617 ,vietor
328 3549 379 3616 ut,
392 3548 528 3600 orantes.

98 3658 254 3720 Flammea
274 3657 434 3715 scrutatori
444 3657 525 3716 ridet

140 3735 434 3816 Veritatisspeoulo,

97 3823 204 3882 Lassus
217 3821 323 3890 ardet,
337 3839 424 3898 aspro
434 3817 519 3878 videt

138 3905 236 3976 Quum
246 3901 369 3961 virtutis
384 3899 516 3980 scopulo.

96 3985 198 4062 Signis
212 3981 278 4063 ejus
291 3982 412 4040 radiare

139 4066 241 4124 Cernis
254 4083 353 4123 arcem
367 4062 440 4121 fidel
448 4104 458 4135 ‚

97 4146 285 4221 Angelorum
297 4145 391 4204 choro
404 4152 485 4201 stare

140 4229 259 4287 liimam
272 4247 327 4306 per
340 4219 530 4304 sarcophagi.

378 4337 509 4402 Chorus.

143 4441 259 4506 bleliori
272 4441 409 4504 toleretis

176 4526 289 4586 blundo
298 4572 306 4601 ‚
315 4545 389 4603 gens
402 4525 588 4601 terrigenum
600 4566 609 4597 ,

174 4607 249 4668 Coeli
259 4627 348 4686 super
358 4605 503 4665 caerulum

140 4683 280 4768 illagnum
295 4689 449 4750 vindicem
462 4687 593 4748 hahetis.

916 289 976 364 rot

963 419 998 476 Di
1013 439 1067 479 nos
1082 433 1191 484 aurant
1206 471 1215 502 ‚
1231 422 1275 486 nil
1290 433 1430 508 egenletr

1000 499 1165 565 Pulchrum
1177 527 1241 566 esse
1250 511 1380 572 similem
1387 559 1396 590 ,

959 581 1048 642 Latis
1063 586 1190 648 subeant
1205 587 1364 670 dolentes,

1000 664 1196 729 sublevemus
1209 691 1384 752 pauperatur

959 741 1007 802 Ira
1021 791 1028 816 ,
1041 746 1117 805 ultio
1128 749 1273 828 pellatur,

1000 827 1081 886 Diris
1093 833 1181 891 venia
1197 833 1335 895 hostibus
1343 876 1352 910 ,-

957 905 1092 968 Consulis
1103 931 1159 970 nee
1174 933 1226 972 cor
1235 917 1363 976 rodatur
1376 950 1385 990 ς

1000 989 1059 1050 Nee
1071 991 1227 1056 tabescant
1236 997 1370 1058 lletibua

1149 1131 1152 1138 ’
1239 1120 1365 1182 Chorus.

999 1218 1199 1292 Dimittatur,
1214 1221 1269 1298 qui
1283 1221 1427 1300 debebit,

1038 1299 1145 1359 Neetat
1161 1303 1310 1361 mundum
1326 1308 1445 1380 gratiae

1039 1380 1173 1455 Fratres,
1190 1382 1396 1462 supersidere

997 1461 1095 1521 ludex
1107 1462 1227 1522 bomini
1243 1464 1372 1528 sedebit.

955 1607 1108 1670 Gaudium
1123 1609 1222 1670 fervet
1234 1611 1268 1669 in
1282 1622 1419 1690 oratore,

995 1690 1073 1748 Rore
1087 1691 1169 1749 mitis
1182 1710 1274 1750 aureo

955 1770 1140 1831 Cannibalus
1153 1770 1188 1830 fit
1200 1816 1208 1845 ,
1221 1780 1336 1834 terrere

995 1851 1089 1911 Disoit
1102 1853 1282 1931 desperatio.

955 1931 1050 2004 Sede,
1064 1934 1198 2006 fratres,
1212 1937 1360 2012 emicate,

996 2014 1132 2094 Sepphus
1146 2016 1171 2074 it
1185 2036 1282 2093 quum
1295 2012 1468 2080 Teutonum

952 2091 1066 2172 Spuma
1081 2095 1192 2156 coelum
1207 2096 1351 2176 salutate:

993 2175 1078 2237 Bono
1090 2179 1182 2256 genio
1194 2175 1359 2260 poculum!

1237 2297 1366 2357 Chorus·

991 2403 1086 2464 Stella
1100 2403 1206 2466 laudat
1215 2425 1307 2484 quem
1320 2415 1433 2484 rotata,

1034 2486 1192 2565 Seraphim
1209 2508 1302 2566 quem
1312 2491 1468 2552 canticum
1476 2535 1486 2573 ,

1034 2567 1118 2626 Bono
1127 2570 1219 2646 genio
1232 2571 1375 2648 poenlum
1387 2617 1396 2648 ,

989 2643 1115 2729 'Templa
1130 2669 1220 2730 super
1233 2653 1288 2730 qai
1297 2654 1428 2719 stellata.

950 2804 1013 2866 Con
1019 2814 1064 2865 tra
1078 2803 1157 2865 mala
1169 2815 1275 2884 pectus
1289 2807 1388 2886 forte,

994 2887 1086 2948 lionis
1097 2894 1180 2946 tutor
1193 2886 1339 2948 flentibus
1349 2935 1360 2967 ‚

952 2963 1038 3028 Fides
1049 2967 1134 3028 nulla
1149 2977 1261 3028 nutans
1279 2979 1379 3049 sorte,

994 3050 1112 3110 Veritas
1126 3058 1157 3108 et
1167 3049 1326 3112 fratribus.

953 3131 1018 3191 Viri
1027 3151 1134 3210 regum
1144 3139 1216 3190 ante
1227 3132 1355 3192 thronos
1366 3175 1376 3208 ,

992 3215 1005 3291 (
1017 3215 1135 3274 Saevum
1148 3212 1227 3270 nihil
1239 3222 1351 3274 terreat
1363 3221 1393 3296 ),

952 3293 1091 3353 lleritum
1104 3303 1230 3354 coronet
1241 3295 1359 3373 honos,

904 3459 907 3472 .
995 3377 1121 3436 Fraudis
1132 3386 1304 3438 monstrum
1315 3387 1433 3458 pereat.

1235 3501 1364 3567 Ghorus.

992 3599 1093 3660 Denso
1107 3598 1201 3660 choro
1215 3600 1428 3677 haeesaamtr,

1031 3682 1144 3740 Vinum
1158 3681 1218 3741 hoc
1226 3702 1280 3762 per
1293 3703 1441 3758 aureum,

1028 3763 1139 3823 Foedus
1148 3764 1187 3822 sit
1200 3773 1400 3844 perpetuum,

988 3843 1062 3904 Coeli
1072 3846 1225 3906 vindicem
1239 3845 1351 3928 jurate.

1259 4011 1403 4028 ῃ

1156 4113 1338 4175 canuerat
1356 4113 1526 4192 EQlllTllll.

1075 4260 1120 4339 (E
1131 4261 1273 4324 Sebilleri
1289 4265 1491 4332 Wolleasterirs
1502 4271 1623 4357 Luper.)

954 4413 990 4476 ln
1004 4431 1118 4492 equum
1131 4411 1137 4470 !
1150 4414 1183 4470 in
1192 4415 1305 4492 equum
1318 4415 1324 4475 l
1338 4418 1367 4476 io
1381 4423 1475 4482 sociil

993 4497 1029 4555 ln
1040 4495 1213 4554 libertatem
1220 4541 1229 4570 ,
1242 4497 1275 4555 in
1285 4497 1402 4560 bellurn
1413 4501 1421 4563 l

953 4579 990 4638 ln
1002 4576 1083 4636 bello
1097 4577 1141 4637 vir
1155 4577 1201 4635 sui
1216 4581 1383 4657 est‘pretii,

993 4659 1426 4740 flieeorexpeadltduellum;
1456 4683 1458 4690 ·

953 4734 1011 4800 Hie
1022 4759 1112 4802 nemo
1122 4742 1189 4801 viee
1201 4742 1228 4820 ej
1234 4760 1267 4800 us
1280 4740 1443 4822 iungitur,

132 4935 147 4962 *
158 4935 270 4985 lubitum
282 4949 333 4983 non
350 4939 386 4983 est
394 4931 472 4983 nimis
488 4928 638 4996 elsssieum3
651 4930 695 4982 sed
712 4929 816 4983 latinum
829 4939 914 4987 tamen

99 5017 128 5048 aa
141 5037 148 5060 ‚
163 5019 209 5065 qna
230 4999 271 5048 bie
286 4997 365 5064 accipi
384 4997 512 5056 volumus,
527 4998 645 5072 optione,
664 5014 710 5049 aec
730 4997 805 5052 facile
826 4999 913 5070 foret,
986 5003 1000 5031 *
1011 5001 1127 5078 Schilleri
1141 5003 1348 5084 Wohrhsitpsqea
1359 5008 1458 5058 Freoad
1467 5012 1518 5063 aad
1533 5015 1615 5070 Fatua
1623 5020 1767 5092 ambignum

98 5068 167 5132 quod
177 5065 279 5116 eandem
292 5065 343 5118 rim
355 5064 442 5114 habeat
452 5101 460 5128 ,
472 5063 626 5115 substituere.
956 5076 1004 5120 est.
1016 5068 1097 5122 Possis
1109 5067 1184 5120 malle
1199 5078 1291 5121 veritas
1308 5080 1332 5120 st
1341 5072 1459 5128 hosnbm.
