3878 5718
916 226 1032 319 ss'

140 357 282 434 Frrlgobis
292 359 374 416 inter
387 377 472 418 saera
487 359 605 430 musis,
683 369 687 376 “

177 439 350 500 Teutoniois
362 439 514 500 celebrata
530 444 633 502 terris.

102 603 212 661 Dilecta
226 602 320 676 coelo,
334 610 436 662 sancta
456 602 578 662 Colonia
592 647 601 677 ,

103 685 217 746 Salveto
232 685 364 758 ‚clarum
380 684 668 761 christicolisjubar
684 681 691 741 l

138 769 264 825 Centum
281 767 339 826 tibi
351 809 359 840 ,
373 787 411 825 en
424 786 515 845 ‚quae
530 765 612 825 culta
625 765 748 846 templis

176 847 323 926 Relligio,
334 850 433 908 reteri
447 851 558 908 decore

104 1018 215 1074 Intacta
232 1013 385 1095 splendet!
399 1017 444 1075 'l'u
453 1014 596 1094 precibus
608 1013 705 1076 Deum

106 1099 180 1171 Roga
196 1099 304 1157 beatos
318 1097 494 1157 Solmsiadae
507 1099 630 1155 dies.-

137 1180 183 1239 Sic
198 1180 281 1239 fatus
292 1181 392 1239 amnis
401 1203 410 1255 ;
425 1199 481 1238 nos
495 1178 639 1255 benignis

174 1262 315 1323 Reddere
330 1262 377 1321 fas
392 1262 512 1344 superis
526 1261 670 1320 honores.

344 1445 350 1454 ¹
401 1443 558 1460 ᾖ

101 1579 180 1622 toros
193 1581 327 1623 romunts
347 1583 435 1626 ssd'l'd
455 1571 628 1638 (lssw'lllllllss,
646 1587 708 1627 alre
721 1584 917 1632 tartarearum

278 1699 318 1741 nu
338 1699 433 1741 sanun
455 1701 566 1741 rorone
585 1687 741 1746 ressonis.

413 1815 438 1898 a(
461 1813 588 1900 1819.)

100 1971 165 2040 Qarre
179 1969 259 2027 mira
271 1965 360 2028 caedis
373 1967 456 2028 fama
467 1988 523 2048 per
532 1977 652 2030 exteras

101 2051 199 2110 l'erras
215 2049 331 2109 volarit
348 2050 505 2112 l'eutoniac
520 2049 643 2132 plagis?

175 2133 249 2206 Quis
259 2131 389 2210 pulchra
404 2133 557 2192 concussit
570 2132 704 2212 juventas

218 2214 316 2274 Corda
329 2233 426 2294 pavor
438 2256 447 2286 ,
460 2215 629 2292 docuitque
639 2217 738 2276 dulcis

100 2371 204 2432 Amare
218 2381 348 2430 mortem
362 2387 420 2450 pro
433 2371 541 2451 patriae
558 2372 673 2434 bonis?

101 2453 227 2534 l‘ulpina
240 2462 362 2512 tantum
376 2456 452 2531 quid
468 2456 587 2533 pavitas
599 2457 736 2518 cohors?

173 2536 254 2611 Fuga
269 2536 345 2612 quid
357 2536 499 2613 ignaram
515 2537 625 2605 citata,

219 2618 299 2691 Quid
314 2619 448 2676 tenebris
461 2619 596 2676 animam
611 2619 706 2676 tueris
719 2621 746 2679 Υ

98 2789 227 2868 Repente
239 2787 324 2849 sevis
334 2787 471 2847 concidit
484 2787 618 2862 ictibus,

98 2873 166 2929 Auri
179 2871 291 2950 cupido
302 2871 352 2930 oui
367 2872 469 2949 potior
483 2889 545 2928 suae
668 2868 671 2884 '

175 2952 293 3011 Decore
312 2953 429 3029 gentis,
442 2950 587 3010 luctuosae

213 3035 269 3092 Cui
280 3033 387 3114 patriae
398 3035 499 3114 potior
513 3033 611 3092 salute

97 3189 188 3248 Favor
203 3198 384 3272 potentum,
396 3210 539 3269 vanaque
553 3189 694 3250 nomina.

99 3272 198 3331 Cultro
210 3281 338 3331 cruento
356 3281 415 3331 stat
425 3274 551 3350 juvenis
565 3271 650 3330 feror
664 3314 673 3344 ,
697 3313 698 3316 =

173 3353 438 3432 Factoquelaetus‚
456 3353 640 3416 confluentis

213 3435 275 3496 Nec
287 3438 477 3515 gemitumre
489 3438 627 3496 minasve
640 3433 758 3502 turbae,

99 3581 155 3642 Nee
165 3581 275 3661 probra
290 3601 415 3651 curans¹
430 3582 557 3661 suspicit
574 3581 689 3645 {ethera
706 3623 714 3653 ,

98 3665 318 3742 chartamque,
332 3665 423 3746 pubis
439 3663 555 3723 foedera
570 3673 727 3735 teutonas,

173 3747 298 3807 lactans
308 3746 503 3826 procumbit,
520 3747 711 3826 supplicante
743 3741 744 3744 ’

213 3828 312 3888 Corde
326 3828 419 3887 deum
433 3847 644 3908 veneransque
655 3836 755 3907 grato.

99 3974 178 4034 Forti
193 3995 318 4034 serenus
329 4021 338 4051 ‚
349 3995 406 4035 nec
419 3995 503 4035 mora
519 3985 662 4054 ,pectore

99 4056 197 4116 Telum
212 4057 382 4116 recondens
394 4103 404 4134 ‚
418 4059 483 4134 ipse
497 4059 542 4116 sui
557 4058 691 4118 Themin

172 4139 306 4198 Placarit
317 4139 410 4200 ultor.
424 4141 494 4198 Fata
507 4139 607 4218 qualis

207 4219 425 4292 Romulidum,
440 4241 588 4300 generose
600 4223 705 4294 Brute,

99 4363 208 4438 Ilelles,
220 4367 353 4444 jacentis
363 4367 407 4426 sic
418 4365 523 4445 patrie
537 4365 647 4444 flagrat

100 4451 204 4510 Amore
216 4448 352 4524 Sandan,
363 4449 407 4506 sio
421 4457 560 4509 tenerum
576 4450 665 4508 metit

171 4529 289 4590 Florem
300 4532 458 4608 juventae,
472 4538 504 4590 tc
517 4533 665 4611 supremis

204 4613 387 4672 teutoniam
401 4622 614 4692 memoratque
627 4611 715 4673 rotis.

101 4769 248 4835 Horrenda
258 4774 357 4835 caedes
367 4775 495 4834 innocui
507 4775 567 4834 riri
579 4798 588 4836 ς

99 4852 152 4914 Fas
164 4866 192 4914 et
204 4859 345 4918 nocentis
354 4857 472 4936 judicio
485 4857 572 4938 jubet

177 4938 281 5000 Delere
292 4939 414 5018 cuipam
429 4961 437 4998 a
453 4940 639 5000 sanctiorem

218 5021 284 5086 llou
295 5022 406 5108 animis
416 5031 504 5084 notat
513 5024 578 5104 ipsa
588 5024 703 5086 nostris
813 5084 820 5096 ,

957 367 1070 425 ltaliam
1088 361 1198 436 legem.
1211 361 1271 422 Cur
1286 363 1478 441 generosior,

957 445 1037 507 lleul
1053 443 1254 502 ferturardor
1271 465 1326 523 per
1347 447 1457 505 vetitas
1469 448 1554 528 ¹rias,

1037 527 1128 586 llenti
1144 545 1202 584 nec
1213 536 1350 602 angustae
1366 529 1543 590 timendas?

1076 607 1162 666 Parit
1176 609 1260 666 enim
1274 608 1339 669 haec
1354 611 1551 690 refugitque,
1563 615 1682 700 major,

956 741 1065 809 Secura
1082 748 1173 825 legis,
1186 769 1255 828 qnae
1267 751 1468 828 paratarduis

955 835 1078 894 Nutrita
1094 833 1202 888 uirtus.
1216 831 1279 889 Non
1296 853 1352 909 ego
1366 853 1437 893 curn
1453 854 1548 914 grege

1037 911 1168 972 lliscebo
1181 911 1336 972 latronum
1349 916 1382 972 in
1396 925 1562 994 parentes,

1082 995 1181 1072 lnque
1192 1015 1262 1054 suos
1276 997 1391 1074 pietate
1402 1017 1471 1058 rara

956 1157 1066 1218 Notum
1083 1155 1211 1214 sodales.
1221 1155 1286 1216 Non
1299 1157 1409 1216 stodiis
1419 1158 1510 1216 bonis

955 1240 1063 1300 Pectus
1076 1237 1212 1296 dicatum
1223 1285 1231 1311 ,
1241 1258 1305 1297 non
1319 1239 1434 1317 placidi
1449 1238 1560 1300 decent

1036 1321 1131 1378 liores
1147 1318 1317 1394 latroncm3
1332 1341 1390 1380 nee
1404 1321 1511 1381 furore

1070 1401 1198 1460 Dulcem
1211 1403 1346 1462 arrianam
1360 1405 1465 1482 patriae
1477 1407 1612 1465 sacrasse

952 1547 993 1606 Te
1005 1566 1087 1604 musa
1102 1542 1201 1618 dicct,
1214 1545 1332 1614 sande,
1347 1548 1535 1628 nepotibus;

954 1631 1031 1689 Olim
1044 1674 1054 1699 ,
1068 1635 1227 1705 protervas
1240 1626 1303 1685 ulta
1319 1627 1494 1704 libidines,v

1034 1712 1131 1783 Quum
1148 1728 1216 1767 cara
1229 1707 1355 1768 libertas
1370 1711 1477 1771 beabit

1070 1792 1249 1850 Teutonicas
1262 1801 1402 1870 reparata
1419 1802 1539 1870 gentos.

953 1955 1002 2012 sio
1014 1954 1093 2014 loeda
1105 1951 1244 2032 pulchris
1258 1963 1338 2013 tecta
1354 1939 1509 2013 coloribus
1520 1997 1530 2025 ,
1626 1939 1629 1948 ¹

952 2037 1086 2098 Nocente
1102 2035 1212 2094 vindex
1224 2038 1266 2094 sic
1277 2037 1401 2112 gravius
1416 2037 1503 2094 nefas
1516 2080 1525 2110 ‚

1032 2119 1162 2177 lnl'an'da
1179 2119 1222 2176 sic
1240 2117 1348 2176 stultos
1363 2117 1515 2198 pudendis
1583 2169 1586 2178 .

1075 2205 1155 2260 Ausa
1166 2196 1255 2280 juvat
1267 2201 1412 2260 decorare
1429 2201 1528 2258 sertis.

1338 2363 1341 2368 Δ
1406 2355 1409 2364 ι

1265 2381 1446 2398 -υη-ι-ι-

949 2509 1441 2589 marsonenrnrs,1snssaniuun
1459 2501 1521 2568 nim
1537 2525 1612 2568 nost
1627 2522 1777 2564 sensuras.

950 2806 1052 2876 Nunc,
1065 2823 1122 2881 age
1132 2850 1140 2878 ,
1150 2805 1312 2885 praeceptis
1326 2803 1518 2884 sapientibus
1533 2811 1641 2872 utere,
1654 2796 1755 2857 Flacci

948 2949 955 2967 Ι
1032 2888 1158 2946 Referre
1169 2907 1254 2947 musa
1267 2907 1336 2966 quoe
1349 2887 1446 2945 modis
1457 2895 1540 2944 amat
1552 2896 1616 2944 tua.

951 2970 998 3030 ttit
1008 2972 1073 3051 jam
1085 2970 1154 3028 licta
1168 2967 1295 3052 jurant3
1308 2990 1381 3029 vero
1396 2969 1565 3028 certamine
1579 2962 1705 3045 quando

1033 3052 1143 3113 Gravis
1155 3051 1312 3129 probanda
1324 3051 1477 3111 fortitudo
1493 3048 1637 3130 pectoris.

950 3137 1110 3197 Florentes
1123 3135 1225 3192 subito
1235 3133 1295 3193 tibi
1307 3155 1354 3192 res
1365 3142 1486 3192 traxere
1506 3133 1629 3190 ruinam
1644 3151 1666 3192 ε,
1709 3185 1712 3192 ,

1032 3219 1070 3276 Ut
1082 3263 1093 3290 ,
1104 3237 1177 3276 aura
1193 3215 1285 3279 molle
1296 3235 1389 3294 quam
1400 3215 1473 3274 tulit
1488 3213 1624 3288 favonii,

950 3303 1082 3382 AEquore
1095 3297 1263 3377 tranquillo
1270 3309 1396 3358 nantem
1406 3296 1595 3377 propelittus
1607 3313 1774 3372 ammaum,

1031 3383 1167 3461 llepente
1182 3383 1270 3459 nigra
1282 3381 1426 3444 territant
1439 3379 1582 3462 scapham
1593 3377 1671 3438 freta
1684 3400 1692 3432 ι

948 3469 998 3528 Sic
1012 3513 1021 3543 ,
1036 3485 1105 3544 quae
1116 3463 1229 3524 blanda
1242 3465 1296 3522 diu
1309 3509 1317 3538 ,
1330 3483 1413 3522 nuno
1423 3472 1454 3520 te
1466 3462 1590 3520 fortuna
1606 3459 1721 3518 minaci

1030 3547 1145 3606 Tuetur
1158 3565 1310 3619 ore;rera
1326 3545 1500 3618 nunctuis,
1516 3563 1609 3614 care,

948 3632 1106 3692 Incassum
1117 3630 1254 3688 numeris
1264 3627 1345 3686 bona
1355 3647 1395 3688 ne
1405 3630 1536 3706 jactasse
1551 3619 1711 3702 queraris;

1032 3713 1128 3784 Cave,
1143 3713 1266 3770 sinistra
1280 3709 1433 3790 disparem
1450 3709 1508 3765 sibi
1523 3713 1654 3784 arguant
1661 3728 1670 3779 3
1752 3714 1764 3794 ο·

950 3797 1015 3856 Neu
1029 3793 1150 3869 doleas,
1164 3802 1284 3852 rectum
1302 3811 1446 3850 reverens
1458 3810 1527 3870 qum
1540 3791 1651 3848 daurna
1665 3783 1774 3844 tulisti.

1027 3875 1149 3934 llanent
1157 3921 1165 3950 ,
1176 3885 1282 3933 tenere
1292 3873 1384 3932 dulce
1394 3892 1463 3950 quae
1477 3873 1593 3948 magis,
1607 3876 1752 3953 manerat,

948 3956 1068 4018 Tollere
1082 3957 1259 4036 nemopotis
1270 3975 1355 4036 puras
1365 3975 1432 4033 quae
1447 3973 1574 4028 munera
1589 3951 1716 4028 ruentisg

1034 4039 1134 4099 Manet
1144 4059 1300 4111 oamoena,
1316 4039 1417 4096 suavis
1427 4045 1457 4094 et
1470 4036 1543 4114 lyrae
1556 4035 1660 4110 labor,

950 4123 995 4182 En
1007 4166 1015 4197 ,
1025 4131 1135 4181 natura
1149 4130 1209 4180 tuoe
1220 4121 1307 4181 voltu
1318 4121 1376 4178 tibi
1392 4119 1473 4177 ridet
1486 4119 1607 4177 eodem.

1002 4251 1003 4256 ,
1032 4205 1129 4275 Satis,
1143 4223 1248 4268 carere
1260 4205 1323 4263 vila
1338 4222 1400 4280 quo
1412 4202 1539 4279 nequit,
1550 4206 1672 4274 manet,

951 4287 1036 4362 Quod
1049 4287 1106 4344 tibi
1120 4287 1220 4363 sitque
1232 4287 1292 4343 tuis
1304 4308 1312 4356 3
1325 4279 1466 4342 sortis'nc
1480 4283 1581 4341 mollis
1594 4281 1633 4342 ab
1648 4282 1713 4342 ictu

916 4394 925 4408 ,
1033 4370 1123 4428 Sacro
1137 4365 1571 4448 pudorcblandiareprodito.
1640 4403 1643 4410 ,

951 4451 1103 4529 Ignavum
1115 4450 1239 4510 fortuna
1251 4449 1338 4526 angit
1351 4471 1359 4519 ;
1374 4468 1467 4526 quem
1479 4465 1622 4526 spernere
1633 4444 1693 4506 tela

1032 4533 1121 4592 Videt
1141 4540 1305 4612 ‚proterva
1322 4531 1440 4590 desinet
1457 4529 1615 4590 lacessere.

950 4613 1081 4695 Adspice
1092 4659 1103 4687 ,
1114 4611 1264 4674 serarum
1278 4612 1453 4676 luctantum
1464 4613 1498 4674 in
1513 4611 1639 4672 turbine
1650 4607 1754 4666 rerum

1034 4698 1160 4757 Referre
1171 4696 1288 4774 grande
1299 4695 1414 4775 plectra
1426 4714 1519 4772 quem
1528 4690 1670 4752 sonantia
1680 4733 1701 4768 ,¹

950 4780 1136 4859 Ingeniique
1141 4781 1231 4859 juret
1248 4788 1330 4838 casta
1342 4779 1461 4836 vincire
1470 4795 1601 4850 corona:

1033 4863 1149 4938 Quibus
1160 4864 1297 4940 remugit
1309 4861 1392 4920 unda
1404 4859 1502 4930 fracta
1513 4857 1660 4938 rupibus,

856 5005 860 5012 .
912 4924 919 4934 ,
952 4943 1213 5008 larietosimilom
1224 4963 1317 5004 musae
1328 4963 1419 5022 quem
1435 4942 1546 5002 robore
1560 4939 1680 5018 dicant,

1030 5029 1069 5091 ln
1083 5047 1175 5088 omne
1190 5027 1272 5114 fama
1284 5028 1485 5106 perieratque
1496 5021 1655 5086 saeculum.
1675 5085 1681 5096 ,
