3874 5726
853 357 884 398 ar

42 451 109 510 slve
159 446 287 513 lectione
322 455 474 519 tantum,
520 447 585 506 alra
624 445 791 509 accedente
816 445 863 506 lo·
896 445 958 526 que
985 443 1049 505 uon
1081 443 1209 507 excedas
1221 490 1234 520 ,
1258 433 1406 522 aidetdr,
1426 451 1556 504 mortuae
1579 439 1722 518 linguas,

40 531 161 610 quendi
192 529 445 600 cousuetudine,
479 527 663 598 discentium
705 527 863 588 retiolli-
897 523 1716 606 perplurasaeculaexculta-,enumerosisvariarutu

40 615 180 680 anirum,
211 612 261 670 his
296 613 395 693 patria
438 611 543 690 lingua
576 631 613 671 eo
658 613 768 691 majori
802 613 864 674 erit
897 617 1024 668 aetatum
1043 612 1164 690 scriptis
1186 613 1259 670 satis
1278 629 1423 687 magnam
1442 607 1720 690 cognitionempa-

38 695 280 772 impedimento,
305 714 369 772 que
387 695 452 774 ipsa
475 704 521 760 est
547 691 675 753 liberior
705 701 864 753 construc-
898 709 987 767 rure,
1011 700 1047 751 ut
1067 693 1101 752 in
1129 691 1233 752 dubiis
1255 711 1376 772 semper
1399 691 1621 770 pronuntiare,
1642 683 1732 763 quid.

41 778 179 835 tioniset
202 775 330 835 omuino
357 776 547 850 locutionum
557 784 590 834 et
611 775 711 840 insana
724 784 754 835 et
764 775 864 838 varie·
898 773 1053 840 sincerum
1062 775 1266 850 vitiorumve,
1288 774 1411 838 audeas.
1433 771 1526 832 Aliud
1548 770 1632 832 enim
1656 765 1720 830 lin-

43 867 118 918 tate.
138 859 239 936 Atque
254 859 322 933 hice
344 878 433 924 causa
457 859 581 928 ridetur
592 901 603 932 ,
614 877 670 916 cnr
685 855 834 924 Germani
850 903 861 928 ,
898 873 992 931 guent
1002 856 1043 916 ad
1053 855 1133 916 bene
1146 854 1343 916 scribendum
1356 855 1450 934 satis,
1468 851 1553 912 aliud
1567 852 1722 926 integram

46 950 220 1002 exterarum
260 941 361 999 studio
395 939 574 1015 linguarum
621 958 685 1018 pree
719 937 787 1000 aliis
809 958 864 996 ua·
899 941 1022 1012 lenem,
1043 946 1076 997 et
1097 939 1132 996 in
1156 937 1286 1016 singuiis
1310 939 1526 1006 auctoritatem
1548 934 1583 991 in
1597 937 1723 1011 promtu

46 1021 290 1084 tioniboedediti
316 1031 428 1093 etuota
441 1022 471 1081 in
487 1019 682 1082 addiscendis
696 1019 863 1089 facilitate,
899 1017 1035 1097 habere,
1055 1040 1118 1098 qua
1138 1023 1262 1094 atatim,¹
1287 1021 1371 1090 sitne¹
1391 1017 1486 1099 proba
1506 1014 1661 1095 proposita
1677 1009 1724 1068 lo-

47 1104 205 1168 rarissime
233 1069 402 1184 perlectum
437 1104 553 1178 gallicae
575 1101 754 1174 scientiam,
782 1103 866 1182 quod
901 1103 1005 1176 cutio,
1030 1121 1070 1162 un
1092 1123 1153 1164 narn
1183 1101 1335 1175 succerda,
1356 1099 1522 1180 intelligas.
1542 1097 1608 1166 Hoc
1626 1093 1725 1171 igitur

49 1187 183 1256 necdum
198 1185 317 1265 experti
344 1185 529 1246 facillimum
540 1196 649 1264 putare
662 1186 761 1250 solent
773 1231 780 1258 ,
792 1183 867 1243 con·
902 1203 999 1260 quum
1022 1187 1055 1242 in
1072 1186 1158 1246 omni
1180 1183 1419 1257 difficillimum,
1439 1177 1478 1242 in'
1495 1179 1602 1264 lingua
1626 1175 1724 1240 latina

51 1277 230 1346 sequantur.
258 1265 380 1336 Scilicet
408 1267 545 1348 ipsorum
577 1269 682 1346 lingua
707 1269 868 1350 hucusque
903 1267 1344 1348 autem,etmagisetiamin
1363 1285 1462 1345 graeca
1485 1263 1528 1320 lta
1551 1262 1590 1319 sit
1610 1255 1724 1352 diffici·
1755 1329 1758 1337 ι

53 1348 336 1428 excultaqnidcma
355 1349 645 1425 sunmrisingeniis3
661 1357 693 1408 at
707 1347 867 1414 nihilorni·
902 1345 932 1405 le
948 1389 956 1418 ,
972 1356 1006 1412 ut
1031 1348 1147 1409 nullius
1166 1369 1229 1418 non
1251 1368 1394 1431 superare
1420 1343 1559 1406 studium
1577 1357 1727 1402 memorr-

53 1453 137 1505 nns,
164 1433 190 1490 si
215 1432 335 1510 gallicus
362 1433 565 1503 conferatur,
587 1451 695 1512 paunm
717 1430 865 1502 definita,
903 1431 1192 1514 amqnevideatur,
1215 1435 1326 1496 merito
1348 1438 1488 1507 suspectu
1509 1424 1656 1500 fucritex
1670 1439 1727 1480 suu

53 1514 112 1585 hoc
124 1515 287 1584 commodo
304 1513 433 1573 fortasse
452 1533 571 1594 semper
585 1515 738 1588 caritura,
762 1512 866 1572 sedeo
903 1513 1030 1570 scientia
1047 1513 1141 1572 dubia
1162 1515 1279 1592 quievis
1299 1513 1513 1576 dirimctatinm
1530 1505 1660 1576 fiducia;
1676 1511 1726 1560 te.-

55 1597 117 1675 ipse
137 1595 206 1654 aliis
233 1595 315 1655 bene
343 1595 449 1662 multis
476 1597 633 1670 gararicus,
662 1615 730 1679 qnae
758 1593 791 1661 in
813 1613 867 1653 sua
902 1595 1199 1672 metsinequaquam
1213 1593 1422 1672 ignoro,tales
1444 1601 1479 1664 et¹
1497 1592 1591 1656 fuisse
1614 1582 1728 1646 multos

58 1681 242 1757 qnartdoque
268 1675 444 1744 desiderant
472 1677 552 1736 Galli
577 1676 785 1755 germanicam
811 1676 874 1734 cal·'
903 1685 935 1733 et
945 1675 1039 1744 laodic
1051 1677 1184 1735 inveniri
1195 1723 1206 1750 ,
1218 1687 1318 1756 utque,
1330 1687 1366 1735 ut
1377 1681 1566 1742 necessecst,
1580 1670 1662 1728 inter
1673 1685 1730 1732 eos,

59 1760 152 1818 lentes
164 1780 238 1834 ,nec
261 1759 404 1839 populari
414 1763 550 1820 vanitate
561 1807 569 1834 ,
580 1758 745 1838 quominus
760 1777 869 1818 verum
903 1759 1056 1830 maxime,
1078 1759 1136 1850 qui
1156 1779 1217 1820 nen
1238 1769 1301 1819 tam
1313 1757 1433 1816 assidua
1453 1756 1611 1824 variorum
1628 1748 1728 1836 scrip-

64 1841 224 1914 iateantnr,
241 1839 395 1922 impediti.
412 1843 478 1901 darn
489 1887 497 1915 ‚
509 1841 535 1912 si
552 1845 717 1920 quaerimus
735 1887 743 1918 ,
759 1838 866 1920 lingua
904 1849 1007 1898 torum
1018 1840 1151 1900 teetinne
1166 1851 1197 1900 et
1210 1841 1365 1899 scribendi
1381 1839 1621 1914 exercitatione,
1633 1851 1730 1914 quatu

62 1923 148 1981 latina
167 1923 227 1983 utri
246 1923 483 1988 constructionis
498 1923 623 1988 licentia
638 1967 646 1993 ,
662 1933 693 1982 et
709 1943 757 1995 eu,
773 1942 867 2000 quam
904 1923 1175 2000 grammaticorum
1189 1923 1351 2002 praeceptis
1365 1941 1452 1994 suam
1468 1921 1617 1980 sermonis
1628 1913 1729 1973 iacul-

59 2005 203 2076 dirimas,
221 2005 363 2066 liberiori
386 2005 545 2084 phrasium
568 2007 717 2065 varietate
730 2013 761 2064 et
781 2001 868 2082 copia
907 2013 1003 2063 tatem
1018 2025 1176 2078 ,rnancam
1191 2005 1307 2064 scilicet
1328 2011 1363 2062 et
1381 2012 1544 2080 angustam
1564 1997 1728 2074 colligunt.

58 2086 94 2144 sit
109 2085 252 2159 similior,
266 2107 313 2147 rare
333 2087 404 2163 ille,
424 2085 478 2165 qui
493 2086 611 2166 gallicae
623 2087 706 2147 dicat
720 2130 728 2154 .
747 2084 870 2166 egregie
904 2085 979 2148 Nam
993 2087 1213 2163 grammaticen
1223 2085 1425 2148 necessariam
1437 2105 1501 2150 esse
1510 2129 1519 2160 ,
1531 2083 1601 2169 quis
1613 2079 1731 2138 inlitias
1752 2151 1757 2160 μ

57 2170 202 2233 ostendat.
216 2189 248 2228 se
262 2168 355 2239 nnius
366 2179 449 2229 certe
463 2170 574 2230 harum
592 2167 769 2246 linguarum
783 2167 871 2227 indo·
905 2169 989 2228 iniat
1020 2171 1059 2232 At
1081 2170 1208 2244 eadem,
1235 2167 1379 2246 neglectu
1399 2169 1584 2246 scriptorum
1605 2161 1708 2222 studio
1724 2201 1738 2240 ,Ι

56 2249 112 2308 lern
125 2251 218 2332 plane
229 2251 392 2332 ignorare,
406 2271 507 2330 neque
516 2271 590 2309 vere
601 2252 662 2311 hoc
674 2250 872 2320 intellexisse,
906 2252 1032 2310 nonnisi
1048 2250 1158 2309 exilem
1182 2249 1311 2330 puerilis
1333 2249 1490 2315 facundiae
1515 2247 1636 2326 copiam
1659 2263 1734 2320 sup-

54 2342 165 2393 vcteres
193 2333 329 2410 linguas,
352 2353 484 2414 groecaru
505 2343 536 2392 et
564 2333 711 2410 latinum,
730 2330 872 2420 quarnvis
906 2333 1045 2413 peditat,
1062 2333 1095 2390 in
1113 2332 1289 2392 air-isnello
1309 2331 1468 2407 modo,in
1490 2325 1729 2390 adolescentulis

55 2414 102 2474 illa
118 2415 300 2492 longissimo
310 2463 319 2490 ,
333 2415 429 2475 latina
445 2415 538 2474 etiarn
552 2413 671 2492 aliquot
687 2415 871 2483 soeonleruut
907 2424 1011 2476 autem
1030 2411 1192 2486 industriae
1217 2414 1308 2486 lande
1327 2416 1371 2483 ita
1393 2412 1610 2484 tolerandum,
1632 2409 1734 2471 almo-

56 2499 152 2575 spntio,
169 2497 265 2568 sernel
278 2498 409 2568 exculta,
431 2497 581 2570 llorrrcrit,
595 2507 697 2556 tarmen
710 2497 816 2555 multis
834 2495 873 2558 de
908 2497 1037 2556 destiam
1057 2505 1203 2569 servent,
1219 2517 1321 2582 neque
1328 2498 1395 2576 jam
1414 2495 1537 2565 exculto
1548 2491 1735 2570 scriptorum

56 2580 269 2640 crrrrsissevere
296 2579 422 2647 delinita
434 2581 534 2642 forum
583 2579 701 2638 includi
722 2599 786 2638 nem
819 2595 875 2656 po·
908 2579 1042 2639 lectione
1064 2577 1184 2656 judicie
1200 2575 1332 2638 liberius
1347 2579 1535 2654 incedentes,
1554 2573 1675 2652 quoties
1692 2571 1736 2628 sd'

55 2662 150 2733 tuisse,
164 2681 229 2739 qna
253 2661 395 2738 gallicam
411 2661 507 2720 rnnlto
518 2663 584 2740 jam
599 2661 875 2741 temporeitacon·
910 2681 996 2722 suam
1029 2659 1176 2720 amussim
1198 2680 1263 2719 non
1291 2679 1397 2720 severe
1424 2667 1531 2718 exacta
1564 2655 1737 2736 reperiant,

54 2743 369 2824 strictanrceruimus,
387 2735 503 2822 ut'jnre
527 2742 703 2803 dubitemus
715 2788 725 2821 ,
747 2764 786 2802 aar
810 2741 874 2801 ulla
910 2741 1138 2824 reprehendere
1158 2752 1190 2802 et
1213 2743 1379 2802 estendere
1398 2740 1550 2800 laborent.

54 2827 260 2884 recentiorum
285 2825 461 2904 linguarum
485 2827 524 2884 ad
548 2823 617 2892 illas
636 2825 732 2885 veluti
752 2823 875 2906 periec-
952 2823 1151 2904 Relinquitur
1162 2825 1253 2884 tertia
1275 2825 1314 2884 de
1336 2825 1417 2884 bene
1430 2818 1638 2888 scribentibus
1651 2814 1737 2896 indis

55 2907 138 2965 tionis
159 2908 322 2988 angustias
348 2929 488 2987 uinquam
506 2909 545 2973 sit
573 2918 769 2992 perventura.
796 2904 875 2980 Quin
911 2907 1006 2970 candi
1027 2909 1129 2983 ratio,
1153 2906 1292 2982 scilieet,
1313 2907 1402 2978 etad
1420 2905 1510 2978 honoe
1528 2903 1626 2976 etatis
1644 2899 1736 2980 serila

56 2993 144 3048 ettam
167 2990 254 3068 ipsos
267 2989 425 3049 Gallorum
449 2989 613 3068 scriptores
633 2987 783 3054 credibile
805 2975 876 3063 ast}
911 3002 1220 3063 toresrecurramus,
1238 2988 1274 3047 id
1295 2997 1415 3048 rectum
1438 2992 1630 3058 statuentes,
1653 2983 1739 3059 qued

56 3071 243 3130 nlirnlatiorc
253 3071 402 3150 paulatim
410 3071 676 3152 sermoniscanrpo
687 3071 878 3148 liberiusque
912 3094 1020 3138 eorum
1041 3065 1228 3140 auctoritate
1245 3070 1406 3154 probetur.
1428 3069 1530 3154 Atque
1544 3067 1612 3126 haec
1632 3067 1737 3137 ratio,

56 3151 340 3236 incessuros,qnin
364 3155 449 3228 ideo,
480 3153 562 3232 qnod
593 3173 677 3215 nunc
710 3153 745 3222 in
771 3150 879 3220 multis
913 3151 1235 3217 utinrccentiorilrus
1256 3151 1371 3242 linguis
1389 3169 1531 3230 suprema
1545 3150 1738 3224 auctoritas,

57 3234 138 3292 rrrutti
161 3233 448 3312 repreliendnnt,a
470 3235 654 3314 perfectiore
670 3233 738 3316 eius
759 3279 766 3304 ,
784 3252 879 3313 quam
913 3237 957 3297 ita
970 3239 1004 3296 in
1017 3237 1113 3294 latina
1138 3243 1171 3306 et
1196 3234 1349 3306 sufficiens
1372 3241 1403 3305 et
1423 3241 1508 3294 certa
1533 3230 1740 3298 existimanda

57 3318 158 3375 raeculo
178 3315 328 3384 Lucterici
342 3317 418 3378 xlv.
434 3317 548 3387 induit,
563 3319 665 3397 specie
679 3320 879 3394 degenerasse
914 3327 971 3380 est.
994 3319 1055 3378 Nec
1079 3326 1259 3382 recensete
1284 3318 1354 3395 quis
1376 3314 1529 3394 objecerit
1546 3358 1559 3388 ,
1580 3333 1637 3376 nos
1654 3313 1740 3382 hane

57 3399 321 3479 asapicutioribus
345 3402 497 3458 dieantur.
513 3401 592 3472 Sunt
610 3399 693 3458 enirn
708 3398 802 3459 hodie
817 3415 880 3455 nou
914 3401 1056 3480 linguam
1078 3397 1217 3460 nondum
1241 3401 1285 3458 ita
1310 3398 1458 3468 noscere,
1477 3397 1605 3476 ut,ipsi
1621 3405 1742 3467 veteres

56 3484 158 3556 praeci,
174 3492 290 3558 astque,¹
314 3491 349 3546 ut
371 3481 463 3540 facile
476 3483 583 3543 credas
596 3526 607 3552 ,
621 3481 704 3544 inter
716 3499 767 3540 ecs
781 3478 878 3552 mari·
914 3484 991 3566 quid
1003 3483 1085 3539 bene
1109 3500 1233 3546 secusve
1248 3479 1407 3553 dixerint,
1427 3479 1501 3538 sutis
1518 3476 1741 3558 intelligamus.

60 3564 201 3642 rne,qni
230 3561 362 3626 aliarum
386 3566 548 3622 nationum
573 3563 664 3640 gnari
684 3563 877 3640 litterarum,
913 3562 1055 3642 Numqui
1066 3562 1363 3654 siclcquuntur,re
1376 3581 1449 3624 vera
1462 3562 1502 3633 in,
1518 3580 1585 3628 eam
1597 3561 1745 3622 incidunt

61 3645 221 3724 depatriae
244 3642 358 3724 linguae
377 3646 578 3724 angustiisac
602 3643 698 3704 nimia
718 3641 880 3706 severitate
915 3649 1117 3733 opinionem,
1139 3665 1235 3724 quam
1268 3664 1363 3732 supra
1394 3643 1510 3721 attigi,
1546 3662 1603 3704 nos
1625 3642 1745 3707 scilieet

62 3737 89 3782 et
102 3729 230 3787 t'astidio
248 3737 427 3801 querentes,
439 3727 563 3806 poeticae
574 3727 736 3805 presertim
750 3726 884 3798 dictioni
914 3739 1055 3800 veterum
1079 3729 1192 3810 scripta
1206 3746 1270 3792 non
1294 3725 1491 3808 intelligere:
1518 3727 1603 3806 quud
1617 3729 1643 3786 si
1667 3749 1746 3808 qua.

61 3805 463 3900 neqnaquaus'laurentibus
482 3810 540 3868 Sed
559 3810 628 3878 hacc
649 3819 884 3889 praetereuntes.
915 3825 987 3887 tuor
1012 3809 1128 3870 abhinc
1158 3809 1278 3876 soeculis
1310 3810 1380 3895 quis
1401 3807 1528 3868 dixisset
1539 3807 1559 3886 ’,,
1580 3808 1747 3884 ferendum

62 3891 103 3946 Art
117 3893 325 3968 «iurationem
343 3912 435 3960 sero,
459 3911 499 3948 an
520 3899 640 3962 mortua
663 3891 770 3973 lingua
785 3891 885 3950 latina
917 3903 984 3956 erat
993 3893 1111 3968 ,hodie
1131 3902 1235 3952 eutem
1256 3894 1300 3952 ita
1319 3900 1365 3950 est
1387 3889 1576 3968 ridiculum,
1604 3903 1641 3956 ut
1661 3895 1749 3970 selu,-

61 3981 137 4030 recte
146 4022 154 4050 ,
178 3995 222 4034 an
249 3993 348 4056 pure,
375 3975 538 4040 emcradate
553 4019 560 4047 ‚
583 3973 707 4045 lucide,
728 3973 888 4050 denique,
921 3977 1038 4055 tatione
1050 3994 1114 4037 nou
1129 3983 1230 4056 egeat,
1245 3973 1389 4048 Quamvis
1403 3973 1490 4040 enim
1511 3975 1680 4042 innumera
1692 3979 1749 4038 oc‘.

66 4073 101 4110 an
121 4057 164 4115 ita
185 4059 324 4116 scribere
344 4055 531 4114 recentiores
549 4057 690 4134 possint,
712 4063 748 4114 ut
766 4067 887 4126 veteres
920 4067 1048 4121 currant
1061 4058 1095 4115 in
1116 4055 1180 4116 illis
1202 4055 1368 4129 difficilia,
1385 4054 1446 4114 alia
1470 4055 1579 4140 pranis
1602 4057 1753 4132 lectioni·¹

65 4133 174 4198 classici
186 4138 400 4231 scripsereiad
412 4136 594 4216 transigitur
601 4139 727 4220 propius
732 4135 891 4218 pertinent
920 4140 1066 4217 bus,ulia
1076 4137 1144 4198 aliis
1158 4139 1324 4214 decausis,
1343 4147 1375 4196 et
1388 4135 1487 4200 multa
1498 4158 1623 4218 prorsus
1634 4141 1750 4224 despe-

64 4215 421 4303 ticetiamadjinteoda.
475 4239 479 4246 ’
529 4219 531 4230 ’
741 4221 746 4228 “
920 4222 1038 4296 raeda,
1057 4220 1154 4299 ipsius
1174 4230 1278 4281 tamen
1299 4219 1416 4299 linguae
1441 4220 1602 4282 scientiam
1616 4233 1755 4298 nunce'u

106 4299 151 4362 14.
188 4300 372 4374 ltccentiore
409 4297 541 4378 lingna,
571 4321 669 4387 quum
707 4301 889 4382 quaeritur,
921 4312 1099 4391 provectam
1122 4323 1186 4370 esse
1213 4303 1446 4376 misereamur
1468 4305 1520 4364 rix
1541 4308 1754 4376 recentiorum

66 4377 140 4440 berte
162 4384 236 4462 quis
257 4383 378 4454 malene
397 4382 575 4462 scripserit,
594 4381 661 4443 hon
686 4382 817 4462 simplex
844 4392 891 4444 est
922 4387 1092 4472 perfectior
1105 4386 1313 4462 concedatur3
1329 4401 1399 4470 quae
1412 4403 1487 4448 aere
1512 4385 1547 4454 in
1566 4387 1616 4450 his
1629 4391 1760 4468 suffieit,

65 4462 228 4538 judicium.
250 4466 326 4536 llam
352 4473 408 4533 aut
422 4465 460 4537 ad
475 4464 647 4544 loquendi,
669 4465 769 4545 qualis
788 4465 821 4524 in
838 4484 892 4526 ore
920 4474 987 4556 jam
1006 4469 1108 4527 inanis
1137 4461 1415 4541 severitatis‘erit,
1436 4467 1464 4532 si
1491 4485 1560 4533 eam
1581 4470 1615 4528 in
1629 4482 1755 4544 mortua

69 4545 149 4623 'vulgi
164 4548 402 4622 antdecteruna,
417 4545 675 4619 corrsue‘tudincm
686 4546 894 4621 recurrimus,
925 4573 987 4612 non
1003 4547 1140 4614 sufficere
1166 4550 1320 4620 dicamus.
1345 4541 1452 4634 Neque
1471 4567 1547 4608 aere
1569 4554 1677 4632 peritis
1692 4554 1763 4616 lin-s

72 4635 119 4684 ant
132 4627 248 4708 linguae
262 4628 445 4711 peritissimi
475 4630 611 4698 scientiae
629 4629 812 4700 auctoritate
826 4647 893 4708 pro·
923 4655 990 4718 gne
1009 4633 1113 4708 latinae
1134 4632 1312 4707 difficilius,
1331 4651 1426 4717 quam
1453 4631 1492 4697 in
1512 4635 1758 4713 recentioribus,

71 4710 235 4794 nuntiant,¹
256 4721 310 4774 aut
321 4710 457 4790 denique
483 4711 646 4791 preceptis,
661 4708 888 4790 grammaticis,
924 4717 1092 4798 genuinae
1111 4712 1198 4774 falsis
1216 4714 1402 4786 discerncre.
1420 4713 1479 4772 Sed
1490 4722 1583 4791 sunt,
1597 4717 1685 4798 iique
1693 4705 1763 4801 plu.

70 4799 120 4848 aut
137 4795 264 4853 omnino
282 4795 483 4874 probatorum
494 4797 497 4804 ‘
509 4803 673 4864 auctorum
698 4791 820 4872 scriptis
839 4793 892 4851 du·
925 4799 1023 4874 niani,
1041 4799 1073 4868 in
1097 4795 1239 4856 barbarie
1252 4795 1339 4870 relat
1357 4795 1467 4863 educti
1480 4815 1663 4878 sentpcrque
1686 4822 1757 4872 ver-

71 4869 179 4933 bitatio
193 4877 324 4938 totlitur.
340 4876 377 4934 ln
398 4883 521 4942 mortua
544 4885 647 4935 antem
672 4875 777 4953 lingua
793 4875 894 4954 prima
927 4883 1002 4949 sati,
1019 4877 1256 4945 naellaaeterum
1270 4879 1459 4957 scriptorum
1471 4877 1606 4938 lectione
1618 4881 1766 4964 tmnati,

73 4971 108 5010 er
122 4954 169 5012 his
177 4957 338 5036 judicandi
351 4961 431 5018 ratio
448 4958 613 5026 manifesto
630 4977 693 5028 1¹0¹}
703 4957 894 5034 cllssssedlltd,
926 4965 1061 5041 ideoque
1073 4962 1205 5022 sinceres
1219 4959 1405 5032 latinitatis,
1428 4969 1464 5025 nt
1479 4961 1524 5022 ita
1548 4960 1651 5030 dicarn
1664 5010 1673 5040 ,
1686 4974 1720 5045 ις
1744 4987 1771 5028 n

77 5041 207 5100 secunda
229 5040 411 5101 conceditur
437 5041 583 5116 quidem,
610 5040 662 5098 sed
682 5041 815 5116 missuri,
837 5059 895 5100 uec
926 5055 1076 5106 carentes.
1095 5044 1132 5102 lli
1147 5045 1245 5122 igitur
1269 5061 1328 5103 nec
1339 5086 1348 5118 ,
1368 5041 1445 5122 quid
1470 5041 1622 5121 latinum,
1644 4987 1771 5126 seiani,

75 5117 248 5217 immerite,
276 5120 389 5217 iudicis
420 5123 546 5180 fiducia.
576 5119 735 5180 Difficilius
764 5125 875 5199 ntique
926 5139 961 5200 et,
977 5128 1173 5210 inquinatam
1193 5125 1367 5196 dictionem
1382 5134 1470 5206 caste
1485 5126 1634 5220 preclarus
1651 5129 1774 5217 etiam}

76 5207 398 5296 quamtumcumque
410 5204 885 5298 prasentemiermameopienrs
1030 5213 1037 5220 '
