3878 5718
71 415 119 472 Au
133 410 235 472 Titum
248 409 339 493 pellit
360 413 518 496 popularis
540 420 642 497 auraj
709 420 712 428 ’

68 493 172 554 Tollat
187 503 222 554 ut
246 496 316 555 miti
335 497 483 558 miserum
508 499 647 575 lacerto,

68 577 173 647 Sentis
194 586 230 636 ut
243 576 364 658 culpam
381 571 615 666 lacrymansque
630 595 735 656 cernat

111 685 113 688 ·
155 657 211 720 Ora
232 657 397 722 dolentis?

70 807 151 881 Quin
165 815 198 868 et
222 806 355 868 inrisam
370 808 472 870 rabies
494 809 615 874 scelecti

68 889 175 950 Laude
199 890 350 950 virtutem
374 893 469 952 tacita
490 904 649 972 coronat,

71 973 135 1052 Qua
161 972 214 1030 dei
235 971 362 1052 plenum
377 976 523 1056 sapientis
536 976 625 1042 ardet
691 1037 694 1044 .
783 1027 787 1036 .

153 1053 265 1117 Pectus
277 1055 391 1135 imago.
514 1122 517 1129 ,

73 1204 199 1264 Crescat
213 1211 249 1264 ut
262 1203 400 1283 crimen,
416 1209 557 1270 cumulos
567 1231 677 1274 avarus

72 1288 198 1364 Auget,
224 1293 255 1346 et
278 1285 397 1347 blando
419 1289 508 1351 dolus
533 1313 587 1353 ore
616 1302 737 1356 rectum

72 1368 225 1442 Subruit,
253 1379 426 1449 regnatque
442 1374 544 1454 oetas,
567 1375 702 1444 honoret

156 1449 302 1517 Ambitus
326 1452 445 1515 aufert.

72 1591 110 1652 At
126 1583 324 1645 manctooelo
342 1585 463 1652 soboles
473 1631 482 1662 ,
499 1586 595 1647 latere

71 1667 172 1732 laetus
199 1667 234 1726 in
252 1668 344 1728 turba
370 1671 491 1749 sapiens
512 1671 668 1750 prolana,

72 1747 223 1828 Fulgidas
247 1749 339 1809 tellus
358 1754 405 1811 uti
429 1751 531 1820 Maura
545 1773 683 1833 gemmae

156 1831 240 1892 Galat
253 1839 285 1892 et
297 1851 421 1898 aarum.

72 1963 212 2024 'laedium
236 1984 325 2044 gazas
346 1966 512 2045 sequitur,
538 1964 685 2046 voluptas

73 2046 186 2106 Tabuit
198 2093 207 2122 ,
232 2049 331 2107 virtus
353 2047 441 2108 dedit
462 2067 675 2132 crepacem,

51 2195 56 2202 ,
74 2127 222 2196 Fascibus
234 2129 351 2188 durans
365 2130 529 2210 nitidaque
543 2131 623 2192 lasso

157 2210 388 2280 Molecorouae.
481 2211 488 2218 “
613 2223 616 2230 ’

75 2356 178 2431 laete,
201 2377 300 2435 quum
314 2355 400 2424 laevis
418 2375 485 2415 mee
506 2355 617 2436 cymba
641 2361 744 2420 rantis

76 2438 193 2512 Cedet,
219 2441 254 2502 iu
269 2439 371 2499 cordis
388 2437 519 2497 latitabo
542 2447 656 2518 portu:

75 2521 234 2583 Gaudium
243 2523 344 2583 virtus
359 2519 447 2580 decet
458 2529 488 2580 et
498 2517 658 2596 dolorem,

157 2605 253 2686 llajor
269 2613 416 2684 utroque.
600 2614 605 2620 '

75 2768 236 2846 impotens
252 2764 342 2825 sortis
356 2762 478 2843 sepiens
490 2761 663 2842 regende,

76 2849 135 2917 lles
151 2851 185 2908 in
201 2848 338 2915 adversis
351 2846 468 2924 reperit
485 2845 655 2922 secundas.;

77 2933 200 3012 Spectet
215 2931 344 2990 immoto
358 2927 479 3010 sapiens
492 2926 652 2995 labantem

158 3014 287 3081 Pectore
300 3011 463 3072 mundum.

385 3163 558 3184 m·

293 3267 466 3334 ttntutls
490 3267 662 3332 PRETIUll.

78 3420 183 3478 Virtus
196 3415 341 3477 auriferis
350 3437 409 3478 nec
420 3427 521 3498 stupet
534 3417 678 3477 erunibus
691 3461 701 3494 ,

77 3501 139 3564 Nec
173 3499 281 3564 ommis
295 3498 418 3566 radiant
432 3510 509 3579 quot
519 3501 612 3560 muris
622 3500 723 3566 lndici
737 3518 749 3566 t

79 3521 203 3645 Excelsa
214 3583 286 3643 satis
299 3590 345 3641 est
361 3582 460 3661 gloria
479 3584 597 3670 pectori

158 3664 282 3734 llerceu.
299 3665 363 3726 lloc
384 3665 456 3728 date
478 3665 641 3746 praemium
651 3710 661 3742 ,

78 3826 157 3898 Quos
170 3823 268 3884 robur
281 3826 389 3904 patriae
404 3844 563 3910 ‚quotque
573 3826 665 3910 juvat
678 3823 785 3894 decust

76 3906 141 3972 Huc
152 3907 254 3969 fervet
268 3907 393 3976 stimulo
410 3907 558 3988 ,pulvere
573 3903 726 3987 olympico

77 3989 113 4050 llt
123 3989 226 4070 palma
238 3991 369 4071 sonipes.
383 3989 450 4050 Hoc
471 3990 542 4050 data
567 3989 731 4072 praemium
784 4064 791 4079 .

153 4071 272 4151 Reges,
296 4081 339 4142 et.
355 4073 426 4133 date
446 4079 520 4150 vos,
546 4073 659 4160 quibus

80 4233 166 4298 Meus
180 4243 227 4295 est
241 4233 380 4304 Castaliis
391 4233 477 4301 ebria
488 4235 638 4297 fontibus.

81 4316 144 4376 llon
159 4327 205 4378 est
218 4317 353 4379 nobilior
367 4321 504 4378 carmine
517 4317 615 4398 gloria
629 4341 639 4394 5

80 4397 139 4460 llec
163 4400 303 4460 mortalis
327 4421 403 4481 opus
427 4400 534 4488 deutra
555 4397 724 4483 perennius

162 4484 304 4561 struxit3
323 4503 477 4552 marmore
497 4482 698 4564 deosculans,

81 4637 139 4698 llec
154 4638 248 4706 solers
261 4636 367 4698 tabula
381 4637 512 4708 reddere
538 4638 660 4699 vividus

67 4720 186 4780 'lolius
205 4719 395 4782 Parrhasius.
426 4719 575 4780 Daedaleae
593 4724 725 4802 jacam„

81 4801 282 4884 llisjectisque
299 4804 407 4882 uigent
430 4805 571 4890 gramina
588 4802 745 4881 molibus²

162 4887 388 4961 Quasltomano
414 4887 552 4968 potentia

83 5047 160 5108 otim
175 5047 289 5130 templa
301 5048 381 5122 diis,
406 5046 698 5128 amphitheatraque
711 5093 722 5122 2

86 5136 275 5221 durataeque
296 5133 402 5199 domos
423 5139 454 5200 et
478 5131 546 5194 tura
560 5128 709 5222 condidit.

902 323 942 404 dd

942 433 1046 514 Carpit
1059 432 1261 513 Pyramidum
1276 433 1373 500 livida
1394 442 1527 506 uertices

1020 518 1111 578 datas
1123 560 1132 592 ,
1146 525 1177 578 et
1190 517 1359 600 Babylonia
1449 579 1452 584 .

838 647 842 662 '
943 655 1032 715 Nune
1045 655 1130 716 docti
1142 657 1290 723 dubitti'nt
1313 681 1376 740 quo
1399 641 1519 723 steterit
1539 664 1618 730 luco.

946 738 1013 797 Non
1031 739 1075 798 sic
1088 738 1259 815 ,baeonidae
1275 763 1352 820 quos
1375 747 1490 804 cecinit
1505 746 1602 821 tuba,
1649 769 1652 776 ’

939 821 1072 882 Heroum
1093 823 1197 901 rapuit
1206 825 1273 901 jam
1291 825 1364 904 tuga
1383 833 1557 908 temporum

1022 901 1159 966 Famam.
1189 905 1255 965 llcn
1282 907 1426 970 ltbucum
1448 910 1538 970 malis

941 1049 1048 1114 Celent
1058 1053 1245 1114 indomitum
1260 1056 1432 1117 occulatur
1454 1057 1580 1134 decem,

940 1132 1006 1192 Non
1032 1145 1140 1198 natum
1163 1137 1301 1210 Priami,
1330 1159 1393 1199 non
1417 1141 1658 1219 Telamonium,

940 1213 1036 1278 Hasta
1051 1220 1242 1299 conspicuos.
1266 1221 1354 1282 Nulla
1369 1232 1439 1284 ruet
1455 1224 1521 1284 dies
1558 1225 1561 1234 '

941 1297 1087 1372 Celsum,
1119 1300 1318 1382 dulciloquus
1341 1304 1393 1384 pio

941 1462 1028 1538 Quod
1050 1463 1157 1524 Tassat
1181 1475 1420 1525 monumentum
1436 1459 1544 1550 ‘posuit
1559 1469 1650 1547 duci,

941 1547 1013 1614 ,lesu
1027 1549 1082 1624 qui
1096 1546 1250 1606 tumulum
1263 1557 1431 1628 sanctaque
1446 1551 1561 1612 moenia

943 1630 1071 1689 Victrici
1085 1630 1197 1708 recipit
1214 1630 1270 1687 sub
1283 1647 1375 1690 cruce
1386 1631 1525 1712 symbolo

1020 1709 1134 1774 Gentes
1149 1711 1460 1791 christicolasagens.

1174 1963 1178 1970 '
1230 1978 1281 2041 tu
1301 1979 1470 2040 vossron.

1174 2121 1315 2204 (Hattyi
1334 2145 1374 2185 aa
1402 2121 1511 2202 Voss.)

944 2268 1064 2347 dudax,
1076 2289 1165 2344 care,
1182 2271 1234 2331 via
1245 2271 1387 2336 sentibus
1396 2292 1503 2352 aspera

904 2425 907 2438 Ι
941 2354 1042 2422 Nubes
1057 2354 1148 2414 tende
1160 2373 1251 2434 supra
1264 2355 1359 2430 ,dum
1374 2355 1565 2435 sapientibus

983 2436 1061 2499 Solis
1074 2456 1158 2496 sacra
1170 2436 1271 2516 poetis

912 2521 918 2533 ‘
1025 2519 1132 2580 Crines
1142 2527 1222 2578 serta
1232 2527 1301 2579 tuos
1309 2527 1462 2599 premunt.

942 2669 999 2729 Per
1020 2677 1052 2729 te
1069 2689 1135 2730 sera
1150 2667 1241 2728 deum
1253 2668 1417 2749 posteritas
1429 2676 1511 2728 amet

943 2751 1152 2830 Naturamque
1165 2750 1281 2830 magis,
1294 2759 1421 2813 teutona
1432 2752 1471 2811 sit
1481 2748 1557 2810 fides

984 2835 1184 2914 Libertasque
1193 2833 1357 2912 pudorque

1024 2917 1081 2977 Per
1093 2925 1122 2978 te
1134 2917 1235 2977 carior
1245 2914 1400 2976 omnibus.

943 3075 1126 3152 camporum
1136 3070 1272 3144 interea,
1287 3087 1380 3147 quem
1394 3051 1511 3128 vocitas
1523 3076 1609 3129 tuum
1623 3107 1631 3137 ,

943 3158 1000 3224 Per
1015 3162 1130 3214 secreta
1142 3170 1259 3230 vagans
1269 3151 1357 3210 audit
1367 3150 1541 3223 audonem,
1555 3159 1588 3212 et
1692 3179 1694 3188 ‹

982 3239 1094 3303 Lenem
1106 3235 1202 3295 iontis
1213 3234 1247 3296 in
1259 3232 1357 3298 herba

1025 3319 1110 3379 Luna
1122 3319 1179 3378 sub
1193 3315 1326 3377 tremula
1340 3319 1464 3376 tonum.

941 3443 1093 3538 Fragrans
1104 3502 1115 3530 2
1126 3457 1182 3518 ille
1194 3458 1297 3533 canit,
1309 3456 1393 3536 quod
1410 3473 1518 3518 crocea
1529 3455 1609 3516 nitet

942 3543 1061 3604 Aurora
1076 3561 1198 3617 nemus,
1212 3549 1267 3600 aut
1280 3559 1408 3622 vespere
1419 3541 1475 3620 qui
1488 3539 1560 3605 sinu

984 3625 1022 3685 In
1034 3634 1179 3702 turgente
1192 3623 1304 3703 puellm

1023 3706 1133 3777 Phoebi
1145 3705 1199 3776 flos
1208 3705 1305 3768 radiis
1317 3704 1423 3766 rubet.

943 3863 967 3922 0
981 3860 1079 3927 dulcis
1092 3859 1304 3942 mihiupeslet
1314 3879 1382 3920 mea
1396 3859 1553 3942 camnine,

944 3945 1023 4008 Olim
1034 3945 1131 4006 Laura
1143 3944 1249 4024 legens
1261 3953 1292 4003 et
1307 3952 1410 4022 gemet
1420 3941 1561 4005 osculans
1577 3959 1586 4006 t.

983 4028 1048 4096 lleu
1063 4047 1119 4088 cur
1136 4035 1199 4086 tam
1213 4029 1276 4086 cito
1289 4025 1381 4086 tellus
1480 4055 1483 4060 Δ

1028 4111 1169 4177 Conterit
1181 4118 1325 4171 tenerum
1336 4117 1367 4169 et
1378 4108 1496 4167 bonum
1505 4109 1518 4163 t·

1306 4273 1442 4298 -a--rr

1213 4373 1263 4442 ΔΙ)
1285 4367 1502 4441 ΒΟΒΜΕΗΗΜ.

1129 4515 1347 4600 (Klopstockii
1364 4535 1403 4576 aa
1422 4508 1582 4590 Bodincr.)

898 4699 904 4709 ·
945 4659 1015 4735 Qum
1029 4665 1100 4718 vota
1113 4652 1189 4715 felix
1207 4673 1275 4733 spes
1290 4653 1342 4735 pia
1356 4652 1483 4711 finxerit
1494 4697 1506 4725 ,

943 4741 1129 4821 Plerumque
1143 4735 1201 4796 fati
1216 4734 1343 4816 dissipat
1357 4735 1490 4812 arbiter,

984 4823 1137 4889 immensa
1148 4863 1158 4895 ‚
1168 4837 1232 4878 non
1247 4819 1537 4897 nostrispenetrans

1027 4901 1211 4973 Luminibus
1224 4900 1390 4968 reseranda
1403 4917 1520 4961 numen
1532 4945 1544 4977 a

946 5045 1077 5110 Mortale
1087 5047 1189 5106 densis
1200 5054 1232 5106 et
1245 5043 1348 5104 subito
1358 5040 1436 5118 tegit
1449 5081 1450 5084 ,
1513 5025 1516 5038 ’

946 5128 1425 5194 ltarteneuris2invidamutuu
1488 5145 1502 5152 ·-
1533 5140 1558 5152 ·1
1599 5143 1602 5152 λ
