3878 5718
138 469 285 546 Agnoscit
303 485 409 529 carum
430 484 500 526 mor
511 509 521 541 ,
537 461 688 524 foedatum

140 551 185 610 Sit
197 549 270 613 lieet
281 569 315 610 os
323 547 506 610 vulneribus
517 587 527 618 ,

139 633 252 713 Hospes
271 651 398 712 gemens
418 629 613 690 corinthius:

144 739 161 768 ι
173 713 213 774 Et
231 714 326 775 talem
336 713 386 774 ‘fas
400 732 449 772 mc
469 711 604 792 reperire
622 748 632 778 ,

140 795 260 856 Corona
271 798 389 859 crinem
405 795 496 873 pinea

140 877 220 939 lium
242 897 332 958 spero
341 875 420 938 vatis
431 895 480 935 me
490 873 636 944 vincire,

140 959 290 1022 Decorum
312 963 378 1043 ejus
395 957 513 1040 gloria!
529 980 544 1010 s

140 1116 179 1180 Et
193 1117 292 1177 omnis
310 1117 399 1178 audit
420 1111 512 1174 turbu
527 1115 654 1181 moesta,

139 1200 274 1279 Neptuni
285 1201 414 1260 veniens
425 1198 465 1257 ad
479 1194 575 1265 festa,

138 1281 197 1341 Per
214 1281 427 1360 Graeciamque
446 1276 534 1360 dolor
554 1274 603 1346 it,

141 1365 205 1424 Cor
220 1365 312 1424 illum
327 1364 474 1442 quodque
486 1353 636 1439 perdidit.

139 1446 178 1506 lit
199 1447 348 1528 prytanin
368 1450 482 1526 petunt
503 1439 661 1505 furentes,

138 1527 247 1588 Densis
266 1528 468 1607 fremuntque
483 1519 615 1584 coetibns
624 1561 633 1592 ‚

139 1609 282 1672 Latronis
302 1613 485 1691 sanguinem
506 1607 687 1684 poscentes,

141 1691 269 1754 Piameu
290 1695 371 1756 ratis
389 1688 545 1754 munibus.

137 1853 200 1915 Sed
214 1855 305 1919 turba
319 1858 461 1938 gentium
474 1877 512 1918 ex
523 1843 663 1909 undante
676 1878 686 1920 1

139 1937 296 1999 Ludorum
318 1960 430 2022 pompa
445 1933 655 2000 conrucflsslfls

140 2019 216 2098 libi,
240 2020 358 2084 iactum
386 2021 542 2084 nefarium
574 2092 581 2106 ·

142 2102 231 2174 Quod
249 2107 391 2186 prodat‚-
406 2113 452 2165 est
472 2084 664 2177 vestigfflml

76 2209 85 2227 r
140 2183 278 2246 Furcsne
295 2188 453 2249 imbellem
462 2189 666 2267 percussere·

140 2265 270 2330 (ilamne
287 2272 433 2332 iuimicus
448 2247 615 2330 invidens?

139 2348 194 2413 sot
215 2369 295 2412 uuus
315 2357 397 2435 potis
414 2359 460 2414 est
480 2349 591 2409 docere
601 2383 611 2415 ,

143 2431 298 2500 Terrestrc
317 2432 474 2518 quidquid
486 2433 626 2494 intuens,

143 2583 217 2646 Fors
239 2587 383 2661 medios,
405 2605 484 2666 quos
502 2579 592 2670 pellit
604 2579 706 2650 bora,

143 2666 292 2730 Proterre
305 2669 368 2729 fert
380 2688 436 2749 per
450 2668 574 2728 Graecos
585 2681 639 2724 cra
645 2707 657 2737 ,

144 2749 302 2812 Vindictec
313 2753 450 2832 dumque
463 2747 613 2828 quaeritur
625 2791 633 2816 ,

143 2831 237 2894 Paeto
257 2833 394 2895 nefando
421 2833 551 2893 fruitur.

80 2931 89 2946 ⁸
146 2911 224 2980 Fors
244 2917 324 2997 pede
342 2917 450 2978 dirum
468 2911 634 2976 insultanti

146 2996 186 3056 In
205 2998 312 3080 templi
333 3000 418 3060 stetit
431 2997 561 3071 limine,

148 3081 322 3162 llixtusque
335 3083 440 3143 iteum
450 3076 616 3144 fluctuanti

147 3163 197 3248 Ad
211 3183 332 3225 suenum
342 3163 408 3224 illic
418 3163 553 3242 agmine.

148 3307 198 3371 ab
207 3309 294 3369 omni
306 3301 640 3388 namqueeonfluentes

150 3393 335 3473 Exspectant
351 3399 433 3452 terra
457 3385 584 3470 Graium
599 3389 706 3464 gentes
717 3431 730 3458 ,

149 3475 277 3556 Stipatae
292 3485 349 3568 per
372 3469 535 3554 subsellia,

151 3557 211 3618 Vix
228 3557 331 3617 trabes
350 3553 458 3615 icrunt
482 3573 589 3613 onera.

151 3637 278 3700 Vastum
292 3658 349 3700 ocu
374 3635 469 3699 meris
489 3635 566 3696 dant
583 3631 748 3697 tremorem
757 3685 768 3720 s

153 3721 322 3800 Globisque
341 3721 442 3783 circus
460 3719 625 3780 homiuum

154 3803 193 3862 In
208 3802 314 3864 orbem
326 3823 425 3883 usque
436 3803 580 3864 latiorem

154 3885 204 3952 td
227 3885 297 3946 costi
327 3889 437 3947 crescit
463 3885 624 3951 crerulum.

155 4039 230 4114 Quis
250 4037 386 4120 hospites
396 4037 450 4101 bic
463 4043 639 4104 numerabit
654 4043 670 4106 i

156 4122 230 4196 Quis
243 4131 350 4200 gentes
361 4143 468 4184 omnes
487 4125 690 4191 nominabit?

156 4203 278 4266 Thesea
301 4205 380 4264 urbe
394 4248 404 4280 ,
418 4205 531 4271 tutide
542 4257 554 4287 ,

154 4285 289 4348 Laconia
301 4298 332 4347 et
344 4287 478 4348 Phocide
488 4335 498 4367 ‚

156 4368 206 4430 ab
218 4369 288 4430 Asia
301 4370 415 4431 adsunt
434 4373 546 4435 minori
560 4420 574 4450 ,

157 4450 198 4511 Et
208 4451 317 4512 insulis
331 4453 370 4513 ab
395 4455 539 4516 omnibus
553 4498 562 4529 ‚

158 4533 302 4594 Ecuueis
324 4535 517 4598 horrendum
537 4540 631 4601 chori

158 4613 255 4677 Melos
273 4619 416 4679 bibentes
436 4619 582 4701 auribus,
671 4644 683 4692 ¹,

159 4790 267 4853 Gravis
279 4839 288 4871 ,
304 4815 448 4871 severus,
468 4796 569 4878 priseo
583 4818 669 4863 more
682 4850 692 4880 ,

161 4874 220 4944 Qui
235 4877 319 4937 lento
332 4899 471 4956 gressum
492 4881 554 4940 fert
576 4891 704 4956 tencre,

162 4953 207 5020 Ex
221 4959 282 5018 ima
297 4981 387 5022 scena
406 4963 551 5042 prodiens
566 5007 575 5037 ‚

947 341 1008 407 110

971 459 1008 516 In
1020 457 1163 518 domibus
1174 459 1362 535 mortalium,

967 539 1136 600 llumanam
1148 541 1237 619 longe
1250 545 1360 621 gradiu
1370 549 1449 602 ntur

968 620 1140 682 idensumm
1151 643 1242 705 super
1253 645 1429 707 corporum.

969 775 1495 862 Peritumtumbospatta,taedam,

970 858 1070 920 Varro
1081 861 1194 922 rubore
1203 861 1360 924 flammam
1374 863 1489 934 fredam
1501 911 1514 942 ,

945 950 950 958 '
970 939 1075 1001 Manus
1085 954 1248 1004 coruscant
1259 965 1353 1006 osseus
1366 967 1376 1016 ς

971 1024 1063 1084 Genae
1075 1026 1231 1102 rigescunt
1245 1028 1369 1108 pallidae
1382 1069 1392 1094 ‚

970 1105 1331 1188 Etblundefruntemqua
1340 1105 1513 1176 mulcentes

971 1187 1073 1248 Comoe
1085 1185 1240 1270 jactantur
1254 1191 1412 1262 hominis,

972 1269 1104 1330 Venonis
1115 1272 1220 1332 ulrum
1232 1274 1284 1332 hie
1299 1279 1453 1334 tumentes

972 1351 1136 1414 lliseeutur
1149 1375 1265 1436 angues
1279 1357 1404 1438 viperis.

973 1509 1011 1568 lit
1023 1510 1098 1570 orbe
1106 1508 1270 1572 horridum
1279 1510 1453 1572 volvuntur-

974 1591 1152 1671 Hymnique
1163 1593 1258 1654 melos
1269 1593 1447 1668 ordiuntur,

975 1674 1033 1734 Cor
1043 1674 1181 1738 lacerans
1195 1677 1251 1756 qui
1268 1684 1435 1756 penetrat,

973 1755 1140 1816 Nocentem
1153 1759 1263 1818 rinolis
1277 1758 1393 1838 illigat.

974 1837 1528 1916 illudentem,corriundensmenlenu

975 1919 1087 1982 Cantus
1100 1933 1187 1982 sorsat
1202 1924 1371 2004 Erinnyum
1387 1965 1396 1994 ,

975 2004 1070 2064 Sonat
1080 2025 1145 2064 ossa
1164 2026 1255 2064 urens
1270 2006 1470 2082 audientem,

974 2087 1037 2146 Nec
1047 2086 1162 2148 barbiti
1176 2087 1238 2148 lert
1255 2087 1428 2169 strepitum.

975 2238 1089 2308 Felixo
1101 2241 1230 2323 simplex
1245 2263 1299 2303 cor
1309 2250 1341 2302 et
1354 2261 1449 2322 purus
1462 2284 1471 2315 ,

975 2325 1034 2397 Qui
1047 2323 1168 2404 culpam
1181 2326 1262 2404 fugit
1272 2325 1483 2384 admissurus!

975 2405 1104 2466 Ultrices
1119 2429 1172 2466 nos
1185 2429 1247 2468 uon
1262 2407 1409 2478 tremuit,

976 2487 1114 2567 viraeqns
1124 2511 1248 2560 cursum
1259 2488 1339 2548 liber
1350 2489 1387 2548 ir.

975 2571 1034 2632 Sed
1046 2592 1141 2648 grave
1152 2592 1200 2631 vae
1210 2573 1296 2632 nefus
1309 2571 1456 2636 audentii

976 2651 1389 2726 Vaecaedismeutieonsciae!

975 2733 1039 2800 Nos
1052 2736 1165 2816 plantis
1175 2737 1302 2814 figimur
1313 2735 1422 2796 latenti
1433 2781 1448 2812 ‚⁶

975 2817 1082 2881 Noctis
1093 2819 1262 2880 tremendos
1275 2818 1347 2878 filiae
1361 2813 1369 2874 l

977 2973 1064 3054 Fuga
1076 2993 1134 3034 uee
1144 2983 1245 3055 speret
1255 2995 1286 3035 sc
1299 2981 1520 3066 erasurum(1)
1532 3011 1542 3048 2

978 3057 1124 3120 volantes
1135 3061 1279 3118 adsumus
1295 3101 1304 3132 ,
1320 3066 1352 3119 et
1361 3079 1487 3123 crurum

979 3141 1081 3202 Neruo
1095 3149 1233 3200 tenemus
1247 3151 1412 3220 praepetem
1426 3185 1435 3216 ,

979 3225 1058 3291 Duru
1070 3233 1164 3306 ponat
1178 3223 1265 3282 lrumi
1283 3225 1442 3290 verticem.

979 3310 1031 3377 Sic
1045 3305 1207 3366 indefesse
1222 3309 1374 3386 agitamus
1383 3351 1396 3380 ,

936 3401 939 3406 '
979 3391 1042 3457 Nec
1054 3390 1231 3472 [roeuiteudo
1242 3389 1418 3467 ilectimur,

974 3474 1029 3544 ¹,td
1043 3491 1149 3532 manes
1163 3493 1261 3552 usque
1275 3474 1452 3544 territumus
1460 3523 1474 3551 s

981 3557 1040 3624 Per
1054 3573 1158 3616 munes
1170 3555 1252 3635 ipsos
1267 3559 1435 3634 sequimur.

983 3717 1033 3782 Sic
1045 3713 1191 3777 choream
1202 3712 1322 3774 ducunt
1332 3725 1493 3796 canentes,

983 3800 1157 3882 Quumque,
1171 3798 1290 3860 umbrie
1304 3817 1362 3862 ceu
1375 3799 1517 3874 silentes„

983 3885 1162 3942 Consessum
1174 3880 1277 3957 gravis
1290 3890 1438 3962 occupat,

983 3965 1105 4032 Numen
1119 3961 1205 4022 velut
1214 3964 1386 4026 immineat.

983 4047 1022 4108 Et
1035 4047 1207 4108 ambientes
1219 4046 1322 4125 priseo
1338 4065 1424 4108 more

984 4128 1205 4190 Theatrileute
1221 4148 1370 4205 caream,

904 4233 907 4238 ’
985 4213 1122 4272 solemni
1137 4231 1295 4289 gressuum
1307 4221 1436 4283 tenore,-

985 4295 1043 4356 Per
1057 4314 1179 4357 scenam
1191 4294 1468 4355 exeuntinfimam.

991 4458 1031 4520 Et
1042 4475 1134 4518 omne
1143 4475 1253 4516 rerum
1265 4475 1319 4517 eor
1329 4448 1486 4534 pendebat

992 4540 1179 4618 Fictumque
1190 4541 1274 4598 inter
1285 4581 1294 4611 ,
1307 4546 1338 4598 et
1349 4532 1480 4614 parebat
1492 4580 1502 4611 ,

991 4623 1065 4685 Vim
1080 4621 1277 4682 metuendam
1288 4637 1441 4690 venerans
1452 4665 1461 4694 ‚

991 4706 1075 4768 Clam
1085 4705 1206 4784 judicat
1216 4723 1284 4782 quae
1299 4699 1442 4778 vigilans,

992 4787 1202 4868 Investigauti
1217 4805 1285 4862 quae
1300 4783 1440 4848 tenebris

991 4869 1139 4932 Fatorum
1153 4869 1271 4929 nodum
1285 4867 1406 4940 terruit,

1001 5006 1804 5052 Μ

165 5039 290 5101 'l'heatri
314 5045 421 5102 orbcm
443 5047 594 5106 ambiens.

165 5120 232 5183 lion
244 5125 289 5186 sie
301 5125 464 5207 incedunt,
479 5149 548 5208 quae
565 5133 738 5210 gignunlur
1023 5141 1059 5206 [1)
1068 5137 1206 5190 Elisicnem
1217 5169 1225 5198 ,
1240 5134 1292 5184 uisi
1308 5133 1400 5199 eoacti,
1412 5132 1458 5186 vix
1475 5147 1578 5199 usquam
1590 5123 1743 5180 subtrinus
