3874 5726
984 375 1047 416 ¹th

86 519 105 534 ,
164 463 219 520 ¹tts
243 481 424 540 magnorum
439 466 654 546 ingeniorum,
676 464 745 527 hoee
762 474 921 545 poetarum
943 487 983 526 ex
1022 463 1133 544 gebat,
1162 473 1233 523 noo
1252 465 1388 536 quantus
1406 461 1716 542 popularibusfierlt.
1738 474 1853 528 evere-

169 545 333 612 cettemia:
356 557 464 607 eontra
479 596 487 625 ,
511 569 581 628 quas
603 571 620 609 a
636 557 774 628 tempore
789 551 988 628 moribusque
1022 567 1093 608 rum
1109 540 1251 599 laudibus
1273 545 1369 620 tnagis
1391 564 1486 624 quam
1500 567 1537 606 ex
1550 555 1669 608 serrata
1684 544 1750 629 eius
1779 567 1854 628 pru·

168 629 283 708 pendet
299 675 307 699 ,
324 628 403 688 lluxa
421 639 466 688 est
496 642 606 691 natura
617 679 624 708 ,
646 633 686 692 cb
708 652 838 710 eamque
863 653 928 691 rem
945 654 990 692 sa·
1026 627 1139 690 stantia
1154 621 1344 700 conjicimus.

151 713 268 789 pienti
291 714 393 770 miuus
411 714 574 774 ambienda
593 738 601 786 ς
627 725 733 794 utpote
755 735 814 773 otiu
831 725 891 772 tum
909 713 991 772 solli·
1070 709 1122 770 37.
1138 709 1215 765 Sunt
1227 707 1324 782 igitur
1335 710 1418 768 inter
1432 719 1561 786 veteres,
1576 732 1654 790 quos
1664 711 1751 791 quasi
1763 713 1853 777 dimi·

170 795 233 852 rito
244 803 302 868 ,ut
321 794 354 853 io
375 797 468 854 breve
481 805 601 876 tempus
615 807 647 856 et
670 797 864 856 inultitmlioi
896 799 995 876 lupri·
1032 791 1081 852 dia
1112 797 1324 870 parte,sunt,
1350 811 1426 870 quos
1448 815 1534 874 paece
1558 797 1695 870 integros
1720 806 1854 856 mortuos
1884 799 1885 866 J

147 877 229 934 mis
244 919 252 944 ,
268 896 380 954 quam,
406 887 436 936 ut
464 898 581 937 summa
605 900 621 938 a
640 880 864 952 mediocribus,
888 880 956 938 lime
979 899 995 938 n
1033 895 1096 934 uuo
1114 875 1206 930 inaue
1232 872 1271 929 sit
1293 873 1405 934 dicere.
1424 880 1505 936 Alea
1528 899 1575 937 res
1601 876 1682 936 nihil
1703 879 1851 961 impedit,

172 957 316 1018 futilibus
331 961 507 1020 disseruere
527 961 625 1021 doctis
649 964 683 1020 io
699 981 791 1022 omne
813 981 914 1022 aevum
936 961 998 1042 plu·
1018 957 1201 1033 quominus
1214 955 1357 1014 universe
1373 967 1407 1016 ut
1422 968 1541 1024 mortua
1555 968 1791 1025 contemnentes
1805 981 1853 1019 ao·

168 1048 258 1100 cest..
1035 1041 1121 1117 tique
1144 1035 1261 1114 ingenii
1279 1039 1407 1096 humaui
1420 1051 1617 1102 monumenta
1629 1061 1691 1100 uon
1708 1043 1852 1102 ridiculos

212 1120 264 1181 36.
288 1123 387 1196 Quare
403 1126 714 1201 argumentirirtus,
734 1133 780 1183 est
794 1123 847 1184 illa
861 1124 999 1203 quidem,
1036 1120 1209 1193 modo,sed
1237 1121 1328 1198 plane
1356 1121 1521 1184 delirantes
1537 1145 1656 1183 summo
1670 1121 1735 1210 jare
1756 1123 1854 1203 adpel-

173 1205 197 1262 si
210 1223 280 1263 cum
296 1209 416 1264 coeteris
434 1206 559 1267 dotlbus
573 1205 782 1286 coniungatur
798 1251 806 1278 ‚
823 1207 995 1279 laudanda,
1034 1202 1143 1262 lemus.
1158 1201 1234 1260 Nam
1251 1205 1305 1282 qui
1321 1199 1507 1276 Homerum,
1531 1206 1699 1274 Pindarum
1711 1251 1723 1279 ,
1737 1207 1853 1286 Thucy·

147 1335 151 1344 .
173 1287 226 1344 sed
242 1285 304 1346 sula
322 1306 414 1364 quam
440 1291 480 1348 sit
507 1291 596 1368 parvi
620 1289 778 1362 facienda,
806 1289 994 1368 experientia
1034 1287 1136 1346 dirlem
1158 1283 1339 1356 ,Plutonem
1355 1332 1363 1360 ‚
1377 1287 1432 1364 qui
1452 1287 1616 1363 Virgilium
1640 1334 1649 1366 ,
1670 1288 1852 1361 Horatium,

172 1377 291 1434 munet.
315 1370 408 1445 llam,
429 1381 465 1430 ut
485 1375 524 1428 ad
542 1373 684 1450 proxima
709 1391 921 1431 recurramus:
939 1393 993 1430 no·
1033 1368 1219 1446 Sallustium,
1237 1368 1517 1448 Ciceronem,quasl
1533 1381 1669 1430 mortuos
1682 1373 1852 1456 scriptores,

170 1452 996 1532 rimusuostrumtateliallorumioGermaniastrages
1033 1450 1210 1531 spernit,is
1231 1458 1285 1508 aut
1305 1471 1368 1509 mm
1396 1453 1726 1532 animadvertit,quld
1747 1455 1853 1527 dicat,
1885 1445 1886 1470 ¹

174 1543 205 1592 et
215 1544 425 1613 recuperatam
440 1555 590 1612 generoso
604 1537 775 1595 certamine
789 1535 962 1595 libertatem
978 1557 996 1596 a
1031 1541 1086 1593 aut
1100 1552 1241 1610 quasnam
1266 1534 1306 1590 sit
1329 1533 1448 1612 ingenii
1469 1554 1606 1615 veraque
1626 1537 1702 1609 vita,
1717 1547 1750 1596 et
1770 1556 1853 1616 poeue

174 1616 297 1689 multis,
312 1618 362 1674 sed
383 1619 538 1697 plerisque
563 1619 673 1696 exigua
695 1628 748 1677 aut
769 1618 854 1678 nulla
875 1620 995 1694 ingenii
1032 1617 1186 1691 dicerem,
1208 1635 1240 1674 se
1265 1616 1366 1695 ipsum
1390 1618 1515 1694 rivere,
1539 1619 1617 1700 quid
1641 1617 1852 1696 slt,ign0rara

174 1699 282 1758 siesse
297 1699 476 1760 celebratas.
502 1702 604 1778 igitur
618 1701 746 1770 accidit,
768 1701 851 1780 quod
872 1721 996 1760 neccsse
1032 1697 1165 1766 ridetur,
1193 1699 1286 1776 Atqui
1312 1699 1459 1777 frequens
1495 1710 1540 1762 est
1570 1701 1678 1761 similis
1714 1711 1852 1764 veterum

173 1789 240 1840 erat
255 1802 263 1845 s
279 1801 351 1840 uum
373 1785 405 1840 iu
430 1784 523 1844 breve
538 1795 659 1861 tempus
676 1783 800 1862 quidem
817 1784 995 1858 argumenti
1033 1784 1227 1860 scriptorum,
1243 1791 1273 1839 et
1288 1801 1339 1840 eos
1351 1781 1518 1849 colentium
1537 1785 1690 1844 incusatio
1702 1827 1712 1856 ,
1723 1805 1761 1843 ac
1780 1804 1852 1862 saepe

173 1864 289 1922 virtute
301 1863 354 1924 illa
370 1875 509 1940 poemata
522 1869 660 1925 omnium
676 1867 819 1924 utauibus
830 1867 900 1926 trita
914 1876 995 1939 suist,
1031 1863 1106 1922 alias
1119 1864 1193 1924 recti
1205 1862 1318 1941 judicii
1344 1864 1485 1928 hostrinos
1508 1876 1571 1934 tum
1584 1865 1714 1930 absurda
1731 1887 1852 1946 persua-

173 1965 232 2004 uec
245 1947 434 2024 sapientibus
457 1951 642 2020 incuriosis;
657 1956 689 2007 at
707 1949 854 2026 quoniam
877 1959 995 2008 eoeterae
1033 1948 1117 2004 alone
1130 1947 1228 2004 teneri
1238 1989 1247 2017 ,
1262 1947 1411 2024 quosdam
1432 1950 1525 2012 etiam
1551 1949 1743 2010 adfectantes
1760 1950 1851 2032 magis

173 2026 237 2086 illis
249 2028 335 2087 dotes
348 2031 494 2100 deerant,
520 2040 588 2112 post
610 2031 730 2109 aliquot
750 2051 865 2104 annm,
890 2030 994 2088 delusa
1032 2028 1207 2106 intelligas3
1233 2027 1382 2088 niruirmn
1405 2031 1482 2090 adeo
1508 2031 1634 2097 solenne
1658 2041 1764 2090 nostro
1781 2041 1852 2090 tem·

173 2109 357 2190 populorum
371 2159 380 2187 ,
401 2133 495 2190 squaru
518 2116 576 2173 sibi
589 2115 742 2175 finxerant
755 2156 763 2184 ,
778 2133 831 2190 spe
843 2113 996 2172 liberioris
1032 2132 1106 2190 pure
1116 2110 1272 2168 rtrcalmlis
1286 2113 1351 2170 siue
1363 2133 1453 2172 sensu
1466 2123 1497 2172 et
1511 2115 1683 2193 disceptare
1695 2123 1725 2172 et
1740 2124 1852 2174 temere

174 2193 355 2272 reipublicae
369 2242 376 2266 ‚
389 2197 516 2267 eadem,
542 2195 733 2276 paucissimis
744 2195 836 2254 modo
850 2197 995 2278 exceptis,
1033 2191 1186 2272 quidquid
1198 2196 1399 2271 pronuntiare
1413 2239 1422 2268 ‚
1440 2206 1475 2254 ut
1497 2217 1537 2256 ne
1551 2197 1766 2274 prudentiores
1788 2198 1852 2275 qui·

174 2288 332 2355 perpetuos
344 2277 494 2338 oblivioni
510 2280 623 2338 tradita
642 2281 707 2356 jam
731 2297 815 2336 nuuc
830 2280 995 2338 ceruimus.
1034 2279 1103 2335 dem
1117 2277 1189 2334 satis
1206 2275 1266 2334 sibi
1281 2296 1390 2336 cavere
1401 2279 1440 2336 ab
1464 2298 1498 2339 ea
1514 2277 1682 2337 stoliditate
1693 2279 1851 2340 invenian-

175 2359 288 2418 Contra
303 2360 468 2433 Homerus,
492 2381 547 2420 suc
565 2361 690 2439 quidem
712 2360 840 2430 saecul0,
866 2361 995 2419 dubium
1033 2358 1266 2436 tur(*).Quam
1287 2379 1361 2418 vero
1384 2359 1499 2421 insulsa
1516 2363 1554 2420 sit
1569 2359 1776 2424 veterumilla
1791 2380 1852 2420 ocu·

121 2491 134 2502 .
175 2459 240 2498 mm
257 2450 322 2518 est,
336 2445 411 2520 quin
425 2441 529 2504 multis
541 2443 672 2502 mirifice
681 2441 830 2522 placuerit
839 2490 847 2516 ,
863 2463 996 2528 quorum
1034 2445 1154 2518 temtip,
1167 2443 1201 2515 si,
1215 2461 1284 2520 quae
1297 2445 1485 2520 precedunt,
1496 2464 1558 2502 nou
1571 2443 1853 2515 abundedueerent,

175 2523 450 2601 uobisjucuuditas
464 2527 528 2586 sive
540 2538 603 2587 tota
616 2527 708 2603 periit
724 2567 732 2595 ‚
748 2527 811 2582 sive
832 2527 996 2584 imminuta
1032 2525 1083 2584 rel
1098 2527 1141 2586 sic
1156 2524 1325 2601 colligeres.
1340 2526 1430 2600 Nam,
1445 2535 1479 2583 ut
1493 2533 1612 2590 constat
1627 2545 1674 2584 res
1685 2526 1723 2586 ad
1736 2535 1851 2584 nostrus

176 2613 222 2662 est
237 2607 405 2681 ,sedidem
421 2611 591 2668 immortali
604 2609 657 2669 illa
678 2609 796 2684 ingenii
811 2610 926 2668 virtute
938 2607 998 2665 lio·
1034 2627 1133 2669 mores
1147 2609 1315 2685 'vitamque
1336 2618 1366 2666 et
1385 2607 1467 2667 faeta
1488 2609 1678 2694 pertinentes
1694 2609 1789 2689 vulgo
1802 2625 1851 2664 uos

174 2687 309 2756 dienen
341 2699 401 2748 tam
427 2693 551 2770 optimis
576 2697 608 2750 iu
629 2693 744 2772 puetis,
764 2710 857 2772 quum
880 2691 998 2770 primus
1033 2689 1248 2752 vehementius
1278 2711 1421 2767 movere,
1447 2692 1490 2748 sic
1515 2691 1707 2750 verissimum
1731 2707 1852 2774 queque

173 2772 313 2829 omnium
338 2819 346 2848 ,
369 2777 505 2852 ponitur.
532 2777 633 2858 Atque
661 2773 729 2831 bruc
753 2793 801 2831 res
825 2774 997 2852 proesortim
1034 2773 1559 2852 est,uunquuminanimisnustrls
1581 2773 1852 2837 cessarealieuaet

175 2871 288 2930 magua
313 2855 438 2931 ingenia
452 2877 575 2916 movere
591 2855 713 2928 debeat,
733 2875 772 2913 ne
790 2875 875 2914 suam
897 2855 998 2914 excel„
1035 2864 1172 2935 tempore
1195 2863 1225 2914 et
1248 2855 1346 2934 spatio
1366 2857 1566 2915 remotissima
1579 2858 1785 2936 cognoscendi
1802 2855 1851 2911 de·

173 2933 303 2996 lentium
318 2939 350 2995 iu
367 2959 403 2998 oc
424 2941 617 3018 potissimum
633 2957 746 3016 genere
767 2937 930 2997 ostendere
952 2960 999 2999 ve·
1035 2940 1194 3005 siderium.
1207 2938 1286 3011 Quiu
1301 2940 1392 2996 etiam
1405 2938 1487 2996 haud
1504 2959 1574 2997 reru
1592 2939 1692 2996 alieua
1707 2941 1851 3018 majorem

174 3016 251 3093 lint,
265 3020 297 3077 iu
314 3039 376 3098 que
394 3042 517 3082 necmse
531 3024 569 3080 sit
580 3023 665 3080 illam
679 3020 765 3100 lapsu
785 3032 956 3100 temporum
969 3032 1000 3081 et
1035 3023 1099 3080 vim
1123 3023 1162 3088 ad
1184 3016 1401 3078 delectandum
1417 3021 1552 3091 habeut,
1574 3039 1666 3100 quam
1688 3030 1792 3080 uestra
1805 3063 1812 3092 ,
1826 3024 1852 3075 et

177 3110 296 3162 mutatu
320 3123 440 3164 usurum
463 3109 600 3182 vitaeque
616 3105 718 3176 facie,
746 3101 771 3160 si
790 3125 854 3163 utto
875 3107 999 3184 penitus
1038 3105 1149 3163 uostris
1162 3105 1225 3192 ipsa
1242 3102 1472 3180 comparatione
1485 3104 1655 3180 impensius
1668 3123 1747 3182 saepe
1764 3101 1852 3159 delec-

176 3183 335 3244 obscurari
351 3234 358 3261 ,
382 3189 526 3246 atruiuus
542 3199 643 3246 tameo
658 3187 817 3266 adparere.
830 3185 1000 3265 *Exemplo
1037 3198 1156 3262 tamur,
1173 3185 1257 3263 quod
1279 3186 1312 3243 ui
1328 3185 1371 3243 ita
1384 3195 1463 3244 esset
1473 3209 1485 3255 ;
1502 3195 1536 3245 ut
1555 3185 1706 3251 Romanos
1726 3185 1855 3252 Graecos·
1887 3181 1888 3236 l

175 3269 260 3327 iuter
274 3269 459 3329 clarissimos
473 3281 612 3330 veterum
630 3278 733 3348 poetas
747 3272 809 3329 siut
823 3271 1002 3348 Aristopha·
1038 3291 1099 3347 que
1125 3271 1302 3344 mittamus,
1330 3287 1388 3325 nec
1412 3269 1494 3326 Tassi
1514 3269 1601 3347 epicu
1622 3269 1786 3341 carmine,
1805 3281 1855 3323 uec

176 3351 226 3409 uis
248 3353 428 3422 eomoediae,
451 3352 491 3410 ub
510 3356 669 3430 ingentem
689 3351 752 3410 illae
778 3373 881 3411 rerum
906 3355 1003 3412 inter·
1027 3373 1113 3411 vrero
1139 3352 1291 3421 Ossiauis,
1314 3350 1411 3410 ritum
1436 3351 1475 3410 ab
1507 3361 1610 3408 nostra
1643 3348 1855 3412 alienissimam

175 3435 358 3513 prelationis
371 3434 603 3506 difficultatem,
625 3435 708 3512 quud
721 3455 782 3492 uon
799 3435 865 3493 leve
880 3434 1001 3494 iucom-
1041 3433 1315 3506 adumbrantibus,
1331 3441 1394 3496 tam
1414 3435 1579 3512 insigniter
1599 3431 1739 3516 plerique
1764 3431 1857 3492 delec-

175 3516 321 3588 modum‚
349 3520 538 3597 paucissimis
564 3518 700 3576 lectione
719 3527 819 3591 nette,
841 3527 889 3592 et,
916 3518 1001 3596 quod
1041 3527 1192 3577 tarentur.
1215 3515 1272 3574 Sed
1297 3517 1380 3573 enim
1397 3515 1727 3574 modusdissertutioui
1750 3522 1855 3577 nostru

173 3601 335 3677 scripturis
357 3599 462 3676 glorias
489 3611 605 3670 nocet,
636 3601 831 3679 peritissimis
854 3601 946 3658 etiam
973 3609 1003 3660 et
1042 3600 1223 3660 statuendus
1249 3599 1282 3656 iu
1301 3597 1857 3678 bocloeeuudcargumentculterius

174 3680 291 3760 linguas
304 3691 334 3740 et
346 3685 568 3761 antiquitatum
582 3703 751 3760 graecarum
762 3683 846 3741 illius
857 3692 1005 3762 praestan·
1042 3683 1156 3742 rucrari
1172 3702 1226 3740 uos
1238 3700 1301 3739 nou
1322 3683 1452 3758 patitur.
1468 3682 1566 3755 Quare
1578 3681 1649 3746 satis
1664 3677 1725 3760 jam
1741 3681 1783 3738 de
1795 3681 1858 3736 ima·

176 3766 253 3839 tite,
279 3784 339 3843 qua
371 3767 445 3824 olim
470 3777 566 3846 poetae
595 3765 796 3844 popularibus
819 3765 1000 3844 placebant,
1040 3762 1560 3849 ginaria(*)pcetarnmstreterum
1584 3771 1615 3820 et
1636 3763 1857 3822 ustilatincrmu

163 3848 321 3924 exiguum
347 3859 492 3928 partem,
525 3851 550 3908 si
575 3849 704 3927 quidet
727 3870 782 3907 rius
805 3850 1001 3926 judicamus,
1042 3857 1140 3908 morte
1161 3870 1168 3913 r
1187 3855 1297 3906 caetera
1324 3847 1427 3904 autem
1452 3847 1536 3925 quod
1554 3847 1693 3918 attinet,
1715 3839 1857 3902 neolutini

177 3940 347 3990 servantes.
371 3933 459 4003 lanu,
480 3933 559 3992 sieut
579 3931 727 4010 quosdam
746 3932 927 4010 scriptores,
950 3941 1004 3991 ut·
1028 3933 1143 3992 'sintne
1179 3929 1399 3988 contemnendi
1426 3937 1457 3987 et
1489 3925 1692 4014 negligendi,
1720 3928 1858 4002 deinceps

176 4024 249 4091 pots
264 4012 359 4071 alium
384 4015 471 4073 velut
492 4016 643 4074 mundum
667 4014 896 4088 describentes,
918 4034 1003 4073 nuuc
1040 4013 1266 4092 dispiciendum
1281 4010 1352 4070 erit.

178 4099 357 4172 argumenti
375 4141 383 4170 ,
403 4099 445 4154 ita
466 4097 664 4176 Aristophani
680 4096 795 4155 similes
820 4098 940 4176 ingenii
953 4117 1003 4156 ra·
1081 4093 1133 4155 38.
1155 4096 1198 4154 Ac
1221 4092 1320 4170 primo
1342 4091 1491 4169 quidem,
1521 4112 1599 4171 quos
1625 4091 1789 4177 hucusque
1811 4100 1860 4146 neo

177 4178 264 4238 tione
280 4181 509 4257 quodammodo
528 4173 666 4238 mortuos
679 4199 739 4239 nco
762 4179 895 4237 absurde
919 4180 1003 4238 diee-
1039 4175 1166 4256 lingua,
1188 4195 1245 4234 uec
1265 4176 1392 4240 cmuiuc
1406 4184 1579 4262 ,quatenus
1594 4175 1781 4234 aveteribus
1796 4187 1860 4256 pen·

177 4279 249 4336 res,
269 4281 380 4337 magna
394 4263 477 4321 euim
491 4265 557 4341 ejus
577 4263 697 4340 ingenii
720 4283 789 4342 pars
810 4261 950 4322 interiit:
967 4271 1002 4320 ut
1039 4257 1123 4335 dent,
1137 4257 1344 4338 spernendae,
1360 4265 1390 4314 et
1408 4279 1463 4314 suu
1479 4266 1572 4316 aetate
1586 4258 1725 4338 egregius
1748 4253 1862 4340 judaea·

173 4344 258 4420 jaro,
281 4353 416 4420 quantus
439 4349 558 4424 poetica
575 4343 725 4404 facultate
744 4345 863 4419 fuerit,
880 4343 1003 4402 diffieil-
1047 4379 1828 4414 ...m—mmm

177 4425 287 4484 lituum
304 4429 343 4485 sit
360 4427 502 4506 judicare
517 4477 524 4504 ,
545 4431 609 4487 imo
625 4424 837 4512 satisjudicari
853 4435 1002 4504 nequeat,·
1068 4443 1147 4510 (nsic
1163 4439 1225 4489 alim
1240 4436 1339 4496 viraeri
1357 4435 1457 4500 pulchri
1466 4446 1570 4488 sensuet
1585 4437 1683 4509 egregie
1692 4437 1861 4508 desumptum

177 4527 236 4566 nee
256 4527 329 4567 vert)
351 4516 389 4568 tle
411 4513 505 4571 ullius
519 4512 792 4587 auclorlsingettio
816 4507 914 4587 tnajot'
933 4527 1002 4566 0011·
1040 4511 1071 4562 ab
1082 4507 1192 4560 historiae
1202 4501 1440 4568 veterisprcfesscre
1457 4511 1551 4560 naturae
1563 4505 1672 4554 studium
1682 4501 1861 4572 lepitliusquatt¹

177 4595 326 4650 troversia
351 4594 589 4664 iutercritieos,
612 4592 679 4652 aliis
705 4591 910 4667 mirantibus,
932 4590 1002 4650 aliis
1040 4577 1123 4627 ΨΜ
1151 4578 1304 4624 ⁰⁰¹¹¹⁶²¹¹¹⁰¹¹¹
1327 4567 1621 4646 audiisset,passetque
1648 4567 1777 4642 huminem
1806 4569 1862 4652 1⁰3⁰

1040 4647 1185 4709 argumento
1198 4635 1329 4694 refellere,
1341 4641 1441 4698 sempsit
1465 4635 1622 4696 adversario,
1637 4649 1729 4684 mirum
1740 4649 1791 4684 trun
1804 4643 1861 4696 essens

177 4669 229 4730 rix
256 4694 318 4733 non
345 4676 548 4736 irridentibus
579 4687 727 4760 poetam,
753 4672 838 4753 cujus
866 4671 1002 4731 animam
1040 4709 1188 4765 siu„u,.,m
1203 4701 1439 4760 mmmmm„
1454 4711 1620 4750 mmmm„
1635 4698 1862 4756 „„,t„m01,1„12a,

168 4752 319 4833 Gratias,
344 4759 493 4838 templum
518 4779 582 4818 nuo
611 4761 784 4838 periturum
810 4765 1001 4833 quaerentes,
1039 4758 1863 4842 „011sapientiorspoitieeterprctuuione,qurmsinatus-92scieas

178 4839 329 4916 repetisse
347 4844 529 4919 ‚ingeniose
549 4843 630 4900 dixit
653 4841 750 4898 Plaltt.
773 4839 895 4898 Scilicet
916 4859 1003 4914 saga·
1040 4840 1224 4890 tiamvctcrum
1245 4834 1335 4881 luteus
1347 4831 1495 4895 praeferenti
1518 4833 1678 4898 philologus,
1702 4843 1825 4878 cursorem
1844 4831 1866 4866 m

182 4921 321 4982 sissimus
342 4923 395 4982 ille
414 4926 535 5002 pulchri
548 4923 642 5006 iudex
657 4967 667 4994 ,
684 4922 783 4998 quatis
797 4929 874 4979 esset
888 4921 1003 4980 Aristo·
1041 4921 1155 4982 muscos,
1177 4916 1251 4966 quam
1272 4897 1297 4944 ³¹¹
1310 4905 1424 4951 veterum
1436 4897 1527 4964 wilm
1540 4899 1697 4948 “mmmm
1708 4894 1804 4944 ‘hm
1822 4883 1866 4938 viu

180 5001 316 5083 phanes,
333 5017 368 5070 ut
388 5010 464 5066 civis
479 5019 509 5068 et
522 5007 588 5065 fere
602 5005 755 5082 aequalis,
778 5003 871 5092 plane
887 5003 1004 5062 intelli.
1041 4963 1436 5104 l¹ll)⁵¹}l’„f{,;}{,2,iulll¹llfol}ensu
1448 5021 1498 5073 fuir
1509 5025 1552 5092 qui
1571 5034 1703 5090 caperata
1720 5041 1752 5073 ne
1771 5019 1866 5083 ¹⁸ll¹¹t¹l¹

1041 5120 1093 5154 ease
1110 5117 1194 5164 neges,
1204 5095 1238 5144 cl.
1247 5096 1313 5152 ses,
1327 5093 1374 5160 Ep.
1387 5090 1427 5151 58,
1438 5089 1484 5140 isla
1493 5091 1641 5160 imaginaris
1650 5099 1718 5159 30213
1727 5089 1791 5141 add„
1802 5084 1871 5140 Lien,

1115 5203 1122 5225 ,
1132 5160 1289 5234 imqginariis
1298 5157 1427 5210 [acerbus.

104 5209 106 5218 ,
177 5187 209 5252 ι’)
219 5188 325 5256 Egregie
334 5188 366 5240 od
383 5189 436 5237 lmc
446 5226 452 5253 ,
463 5207 519 5258 quae
525 5189 632 5256 Herder,
642 5187 670 5240 iu
679 5186 754 5239 Ideen
769 5205 815 5240 zor
827 5187 970 5241 assentatu
978 5193 1004 5232 ¹¹·
1042 5165 1100 5235 Μ

174 5255 256 5307 trinit
269 5265 333 5318 etc..
349 5271 376 5307 u.
399 5253 440 5305 bG.
