3868 5712
973 320 1030 382 ldl

152 415 234 472 hodie
247 412 447 487 exemptarum
463 423 604 483 extantes,
627 435 680 472 nun
695 438 806 487 nmnee,
821 419 867 475 eorl
883 419 973 494 majo·
1010 439 1043 492 ffi

151 511 213 568 rem*
225 500 318 580 tamen
337 499 444 578 paptrnr
460 494 593 546 attentius
605 495 709 568 perlegi
722 537 729 564 ,
742 499 874 552 veriorem
883 498 973 568 illam,
1010 517 1044 577 ,d

150 585 233 644 qrram
246 585 275 621 ιιι
296 583 417 624 carmine
435 585 496 620 meo
513 579 621 623 secutus
644 589 723 636 suin,
743 575 908 628 sententiam
924 595 973 630 re-

152 645 257 720 putari.
277 645 344 697 Nam
363 645 391 695 in
415 641 517 714 Africa
538 654 568 696 ut
581 645 667 700 inulta
684 649 803 718 quaesitis
819 646 973 706 adfectibus
1010 634 1247 710 Audin'ifflffllfflr
1266 662 1331 699 mla
1349 645 1470 704 ”Ouidii
1488 651 1586 714 ultima
1658 688 1661 696 ·

154 731 183 776 et
202 719 319 774 ridiculo
341 717 483 772 interdum
514 728 623 774 tumore
658 721 775 788 vitiosa,
798 725 836 778 sic
860 727 971 800 egregia
1011 713 1160 768 G⁰l¹¹¹³¹¹iffl
1189 717 1402 778 erarvassuvics
1423 725 1550 785 volvier?
1590 700 1598 730 i

151 798 255 859 etiam,
276 805 303 848 et
315 813 373 867 qnae
392 793 585 866 pulcherrimis
604 797 632 850 in
646 797 928 856 Petrarcbraeonettie
943 811 972 856 et
1010 786 1080 840 ⁸5⁰⁰
1099 736 1196 849 flaefflill
1207 794 1274 848 vada
1286 805 1443 871 temperans
1460 801 1566 862 Moenns
1583 807 1650 886 lyra

149 876 322 928 coreaouibus
348 879 503 942 comparata
527 890 580 924 uon
613 871 775 941 fastidires,
799 876 896 948 reperi.
920 877 973 931 sed
1010 861 1120 918 ³¹¹⁰⁰¹⁰⁸
1139 867 1246 942 Mlssyili
1263 872 1347 926 800iai
1366 875 1484 949 impares
1503 884 1596 938 modos

150 949 267 1002 enimin
287 945 446 1018 longissimo
465 951 592 1018 poemate.
606 965 692 1022 quum
710 951 806 1004 multis
826 951 905 1006 valde
927 951 972 1006 of·
1010 937 1043 990 Bi
1056 959 1155 1011 Pfllla·
1176 945 1288 1000 nomino
1303 950 1448 1020 grandiora
1463 971 1524 1010 mox
1543 929 1615 1016 suo·

148 1022 310 1088 laedimur,
330 1032 418 1074 totum
438 1022 520 1075 citius
539 1023 669 1078 damnare
698 1044 730 1080 ac
757 1025 820 1098 jure
850 1025 970 1101 quodam
1008 1013 1247 1074 L⁰li⁰l¹l⁰i³beiia
1265 1033 1407 1080 rorantem
1424 1027 1514 1101 juvat.

146 1100 350 1164 consuevimus;
370 1107 399 1151 at
413 1107 507 1151 contra
519 1100 548 1152 in
569 1101 703 1165 minutis,
722 1103 814 1174 qualia
835 1113 898 1157 sunt
910 1105 971 1177 ple·
1010 1088 1093 1144 Illinc
1104 1093 1226 1169 Philippi
1247 1098 1342 1154 visitat
1353 1103 1503 1160 sacrarium

150 1195 236 1251 reque
249 1179 361 1230 Laurens
382 1174 506 1227 canentis
528 1173 613 1248 lyrica
630 1217 636 1242 ‚
653 1196 798 1248 pravorum
816 1181 971 1234 carminum
1008 1165 1233 1244 Dl⁵⁰⁰s¹¹iu¹nque
1251 1193 1316 1228 voce
1341 1187 1437 1233 mutua
1459 1177 1554 1237 choros

150 1260 296 1326 superante
306 1250 384 1322 copia
401 1249 441 1302 sel
464 1249 555 1316 nihil,
569 1251 611 1304 rel
625 1253 709 1306 levius
723 1293 731 1321 ,
746 1255 891 1328 quominus
905 1257 971 1327 pul·
1008 1241 1086 1296 AlbiS
1102 1246 1203 1300 Salutat
1222 1247 1371 1326 refluitque
1382 1253 1524 1310 doctior-

149 1328 214 1382 chre
232 1327 263 1381 in
285 1326 390 1380 deliciis
403 1323 550 1380 halmamus
563 1366 570 1390 ‚
584 1327 750 1400 impedimur
775 1351 783 1384 e
801 1329 915 1403 quodni
929 1332 969 1387 ito
1008 1317 1090 1372 illinc
1101 1320 1204 1378 flsssssslt
1216 1323 1390 1383 confremunt
1405 1331 1522 1386 Bavariaa

148 1413 239 1471 esset,
260 1421 295 1456 ne
315 1421 363 1456 sua
380 1400 491 1474 quidem
514 1401 544 1454 iu
565 1415 646 1474 gente
667 1423 766 1478 magna
784 1404 968 1462 Petrarchaea
1006 1394 1345 1468 R⁰fl⁸sl¹1⁰⁰⁰t¹⁸niebria
1365 1405 1516 1479 Rhodopeii

148 1480 256 1554 poetica
278 1477 412 1532 facultate
430 1477 597 1543 adnostrnm
616 1499 700 1534 avora
726 1481 811 1553 gloria
825 1481 966 1550 durasset,
1005 1469 1142 1527 Plectrum
1153 1475 1202 1529 sub
1220 1488 1293 1532 aetra
1302 1477 1375 1536 ferre
1388 1483 1493 1538 baldeae
1512 1481 1588 1557 lyra.

151 1558 196 1612 cui
209 1557 231 1611 si
244 1563 330 1610 totam
340 1552 411 1606 hanc
425 1551 528 1618 demas,
538 1563 630 1606 tamen
640 1555 791 1623 restabunt,
801 1557 834 1610 eh
844 1576 911 1630 qnae,
920 1557 967 1611 in-

150 1633 261 1704 genium
275 1630 698 1703 ejusmentemqnevenerantes,
710 1631 968 1706 divini,quodeom-
1043 1628 1152 1700 dapaq.
1166 1636 1211 1686 94.
1231 1649 1282 1686 ser.
1295 1641 1322 1688 2.
1343 1633 1477 1688 Carminis
1497 1630 1624 1706 inscripti
1646 1633 1676 1687 la
1694 1647 1782 1704 perte
1801 1635 1833 1688 de

87 1715 92 1719 ’
148 1705 967 1781 monacumPlatonetulit,cognomincdignumjudicemus.
1005 1701 1096 1756 l'Areio
1118 1704 1297 1772 initium,ab
1312 1707 1693 1774 Anieucoadeuteductum,
1717 1709 1832 1764 habeta

147 1785 291 1840 Enimvero
312 1801 343 1836 ex
365 1779 441 1834 italis
461 1779 519 1852 ejus
538 1782 703 1836 carminibus
728 1785 865 1854 triumphe·
883 1803 969 1860 pauca
1007 1778 1103 1831 mullis
1123 1799 1183 1834 cum
1197 1801 1280 1854 prosae
1298 1785 1478 1858 scriptoribus
1498 1795 1559 1838 tum
1578 1783 1666 1856 poetis⁴
1685 1785 1832 1858 descripta.

145 1859 263 1926 habent,
285 1877 342 1933 quer
372 1875 503 1929 magnum
522 1867 651 1930 poetam,
672 1859 818 1932 plurima,
847 1877 905 1930 quse
926 1861 970 1914 vix
1007 1853 1206 1910 Nosuniushic
1226 1859 1378 1926 neolatini,
1399 1857 1833 1934 J.RutgeriTorckii,esclepia

148 1937 312 1992 mediocrem
331 1933 462 1998 deceant;
482 1931 563 2005 idque
576 1933 620 1987 vel
641 1935 738 1988 summi
756 1955 816 2006 epus
826 1937 969 1988 miratores
1006 1931 1040 1984 de
1065 1935 1177 1986 secessu
1189 1937 1325 1989 tiburtino
1345 1955 1436 1990 versus
1446 1936 1656 2010 comparationis
1668 1939 1759 2009 gratia
1771 1937 1835 1990 sub-

145 2009 415 2088 plerique,cpincr,
433 2007 621 2064 concederent.
641 2013 661 2064 E
682 2014 800 2065 sestertia
819 2020 912 2064 autem
934 2019 963 2066 et
1003 2004 1134 2078 jicimus,
1155 2011 1233 2081 cujus
1253 2011 1548 2066 carminahabcsinter
1560 2025 1664 2082 septem
1677 2011 1834 2067 illectricem

144 2091 334 2153 conmittes,
355 2093 388 2138 at
409 2093 503 2140 caetera
522 2086 631 2138 uomina
651 2086 814 2152 mittamus,
843 2085 965 2160 quaedam
1003 2087 1289 2155 virorumpoemorn(
1307 2087 1422 2144 Amstel.
1446 2096 1528 2144 tore.
1549 2090 1558 2158 )
1578 2089 1607 2139 lu
1628 2087 1728 2161 quibus
1746 2091 1834 2142 versi·

146 2173 211 2221 suut
226 2183 290 2218 sane
306 2161 418 2229 divina,
434 2158 480 2212 sed
499 2161 586 2218 mrelte
600 2161 686 2234 major
699 2181 760 2234 pars
773 2161 870 2216 iisdem
882 2201 889 2228 ,
900 2162 964 2234 qui·
1002 2155 1052 2212 hus
1073 2177 1103 2212 ea
1116 2168 1157 2212 eet
1177 2179 1238 2214 eum
1258 2163 1479 2216 De-Lamartinii
1499 2161 1588 2216 verbis
1604 2163 1760 2218 similitudo
1772 2205 1779 2230 ,
1792 2173 1835 2230 ut,

143 2241 195 2298 bus
216 2248 244 2294 et
256 2239 344 2293 latina
367 2233 514 2289 Petrarchaa
531 2237 667 2303 carmina,
686 2238 878 2303 ritiie,ac,si
898 2237 965 2310 quid
1002 2233 1055 2286 nisi
1077 2234 1200 2308 alioquin
1229 2256 1327 2309 parum
1346 2238 1480 2293 credibile
1506 2247 1596 2304 esset,
1628 2257 1704 2312 paene
1725 2237 1833 2294 diceres

144 2336 206 2372 meo
226 2314 330 2388 judicio
353 2311 473 2377 tribuis,
498 2307 670 2383 frequentina
690 2314 755 2366 adeo
768 2313 904 2369 laborant.
923 2315 964 2366 De.
1002 2307 1075 2364 hunc
1095 2311 1264 2366 cneolatino
1279 2313 1386 2388 aliquid
1406 2314 1531 2372 traxisse.
1551 2313 1604 2370 Sed
1616 2333 1677 2368 ecce
1691 2315 1778 2390 ipsos.

142 2393 266 2468 epistolis
283 2407 364 2454 vero,
389 2405 455 2460 quas
474 2385 611 2454 diximus,
630 2389 715 2441 miror
735 2387 856 2462 proiecto
875 2388 966 2460 inpri-
1061 2435 1065 2440 .

144 2471 198 2524 mis
208 2467 253 2522 hic
263 2465 454 2539 displicentem
472 2463 623 2516 Sismcndio
644 2483 707 2517 cum
728 2463 867 2518 veteribus
887 2464 966 2517 simi·
1003 2462 1075 2534 Quid
1094 2461 1212 2536 loquar,
1233 2473 1264 2519 ut
1284 2464 1388 2519 nitidus
1410 2465 1480 2520 Anio
1498 2463 1652 2540 pellucidae
1668 2465 1760 2522 undas

142 2545 313 2606 litndinem‚
334 2557 386 2612 qua
401 2537 477 2590 nobis
497 2556 605 2592 omnem
622 2540 745 2594 veritatis
768 2559 866 2594 sonum
877 2539 964 2612 perire
1079 2539 1175 2594 Volant
1188 2581 1196 2606 ,
1209 2551 1236 2594 et
1256 2540 1357 2594 clec'tro
1371 2543 1466 2614 purior
1476 2561 1538 2597 arva
1558 2543 1654 2614 riget?

145 2619 283 2675 adfirmat.
303 2617 351 2669 His
370 2615 444 2666 euim
464 2612 531 2666 adeo
553 2633 606 2666 non
625 2616 772 2682 assentior,
790 2615 868 2668 utin
886 2614 965 2668 nulla
1002 2614 1117 2688 Jamque
1138 2635 1205 2687 vago
1226 2635 1306 2669 cursu
1331 2625 1359 2669 et
1378 2618 1504 2690 lapidosa
1524 2618 1660 2671 exercitus
1678 2620 1721 2674 ira

145 2697 234 2772 poesis
250 2689 446 2768 petrarchianoe
466 2699 544 2762 parte
564 2692 653 2763 potius
674 2710 748 2745 veros
767 2691 853 2745 animi
871 2709 965 2744 sensus
1079 2691 1188 2744 hlellior
1207 2692 1347 2746 herculeos
1366 2693 1487 2748 lambere
1501 2694 1586 2766 gestit
1601 2711 1680 2766 agree
1690 2719 1701 2762 ,-

143 2789 275 2845 vocesque
296 2785 467 2842 quaererem,
487 2765 593 2818 scilicet
622 2767 748 2840 epistolas
766 2767 830 2820 illas
850 2767 965 2819 minime
1004 2766 1133 2820 Etreluti
1150 2765 1244 2820 flabris
1257 2767 1404 2839 crispatam
1417 2769 1525 2823 lenibus
1536 2785 1627 2842 aequor

144 2847 256 2922 quidem
277 2845 397 2915 integras
426 2861 442 2894 a
471 2839 655 2894 familiaribus
687 2843 794 2897 curatori
817 2842 911 2910 vitiis,
936 2850 966 2895 at
1040 2903 1042 2910 Ι
1080 2843 1497 2916 Compositmrepensotialudit
1516 2863 1613 2918 aqum,

144 2925 237 2984 minus
257 2931 350 2974 tamen
368 2915 510 2988 rariusque
529 2916 649 2970 adl'eetes
669 2917 836 2974 existimans.
857 2923 900 2972 An
913 2935 966 2971 au-
1004 2920 1070 2972 Cum
1091 2918 1179 2970 subito
1201 2918 1278 2992 lapsu
1300 2918 1460 2973 barathrum
1486 2921 1543 2974 ruit
1557 2918 1646 2973 omnis
1666 2918 1696 2971 in
1718 2917 1832 2985 mum,

142 3008 219 3066 tem,
239 3006 271 3052 ut
288 2993 424 3049 Sismondi
445 2992 553 3046 videtur
580 2991 759 3066 significare,
779 2995 837 3066 ipsa
857 2989 966 3046 caules-
1080 2993 1378 3048 Condenduminferno
1396 2995 1455 3068 jam
1476 2993 1675 3067 Phlegethonte
1691 3003 1781 3068 putes.

143 3095 190 3130 eus
209 3075 266 3140 sit,
292 3069 450 3145 primariam
468 3087 495 3122 se
520 3068 578 3122 illis
597 3069 736 3124 laudema
754 3081 878 3124 veterum
899 3067 966 3120 imi·
1002 3071 1133 3123 Rorantes
1149 3089 1215 3124 cana
1229 3071 1334 3124 latrant
1354 3073 1497 3144 aspergine
1513 3081 1622 3136 cautes,

143 3152 248 3206 tatione
271 3157 299 3202 et
326 3143 447 3221 perlecta
477 3145 673 3218 exemplarium
706 3146 827 3217 imagine
855 3143 964 3196 trahere
1077 3147 1110 3198 Et
1131 3143 1333 3200 lurithorrihili
1353 3147 1562 3220 spumaaniena
1581 3163 1657 3200 sono.

142 3226 281 3292 voluisse,
299 3221 426 3296 equidem
446 3238 501 3273 non
514 3220 627 3274 memini
641 3249 651 3288 ‚-
672 3231 819 3289 caeterum,
839 3221 862 3274 si
875 3219 964 3272 maxi·
1001 3219 1063 3274 Mox
1078 3229 1152 3275 vasto
1165 3223 1237 3276 exesi
1258 3222 1381 3276 sorbetur
1399 3223 1502 3276 montis
1513 3223 1609 3288 hiatu,

142 3321 211 3370 me,
238 3300 289 3354 hoc
317 3317 380 3352 eum
400 3305 544 3362 conatum,
577 3295 733 3369 lingonum
753 3316 848 3352 rerum
868 3305 961 3348 tamen
1075 3298 1464 3371 Praeeipitatquetrucemper
1484 3317 1548 3354 oasa
1566 3316 1629 3352 saxa
1645 3293 1754 3366 fugam.

59 3379 65 3388 ’
141 3377 284 3443 manebit,
309 3382 337 3426 et
360 3374 389 3426 in
405 3391 481 3445 prosa
501 3371 649 3426 Petrarchae
668 3375 804 3439 oratione,
821 3372 888 3426 etin
899 3389 961 3424 car-
999 3373 1106 3426 Trunca
1126 3373 1389 3446 jocentripissecli
1408 3383 1586 3428 monumenta
1604 3369 1728 3434 vetusti,

139 3454 260 3508 minibus
291 3467 397 3523 quoque
430 3447 560 3520 pleraque
593 3447 753 3522 scriptorem
784 3449 882 3522 lingua
912 3445 969 3500 les-¹
1073 3451 1106 3502 Et
1121 3451 1223 3522 premit
1235 3449 1366 3504 informes
1385 3449 1442 3506 alta
1456 3450 1536 3504 ruina
1549 3449 1652 3505 domos.

139 3532 219 3597 tina,
239 3537 371 3598 tanquam
395 3523 502 3596 patria,
520 3520 602 3577 facile
628 3533 770 3592 utentem,
793 3525 958 3596 omninoque
996 3525 1056 3578 liaec
1071 3525 1251 3580 Maecenatem
1267 3527 1392 3601 spirant,
1407 3525 1462 3582 haee
1484 3525 1584 3598 rudera
1598 3525 1749 3585 Flaccum,
1770 3521 1829 3572 eit.

138 3625 156 3662 a
175 3603 268 3660 servili
287 3600 441 3655 imitatione
460 3599 632 3652 itaalienum
651 3619 785 3672 arguere,
803 3609 834 3654 ut
847 3598 959 3674 pronio-
981 3657 982 3661 Ἰ

135 3701 182 3737 res
203 3681 234 3734 in
246 3675 318 3732 hanc
335 3675 426 3730 labem
449 3693 504 3727 non
524 3693 624 3748 paucos
644 3676 688 3728 ael
709 3676 783 3730 inter
810 3695 853 3729 eos
877 3691 959 3748 repe·
1033 3671 1075 3723 De
1095 3668 1202 3722 llnieue
1224 3679 1318 3725 autem
1346 3669 1499 3740 exhausto,
1517 3669 1587 3738 luit,
1611 3669 1679 3746 qui,
1701 3665 1768 3743 ipsis
1796 3667 1825 3720 in

137 3758 260 3821 siamus,
280 3771 347 3826 quos
366 3749 494 3804 dictionis
507 3769 587 3804 causa
606 3751 695 3806 critici
716 3747 961 3808 etmeritolauda·
998 3743 1065 3798 locis
1086 3743 1187 3818 diuque
1205 3755 1347 3816 versatus,
1366 3748 1622 3802 lle-lamartinium
1641 3745 1687 3800 hio
1702 3761 1826 3808 errasse,

109 3889 116 3901 ,
138 3835 249 3888 serunt,
256 3827 309 3884 Sed
318 3827 383 3880 satis
395 3827 428 3880 de
440 3825 483 3879 bis
493 3850 500 3894 i
511 3845 561 3880 uec
576 3827 649 3881 enim
660 3829 733 3882 notis
743 3827 962 3883 dissertationem
1000 3820 1069 3875 mibi
1088 3819 1248 3876 adfirmaret
1261 3837 1268 3873 t
1280 3819 1396 3877 flumine
1409 3824 1516 3878 scilicet
1535 3841 1566 3878 et
1577 3823 1649 3878 alvei
1658 3831 1738 3896 parte
1746 3819 1827 3891 jussu

133 3908 253 3964 inserere
264 3905 364 3980 placei·
1001 3899 1030 3954 P.
1057 3899 1095 3954 tt.
1117 3897 1255 3964 deducto,
1277 3897 1349 3957 hanc
1365 3899 1478 3954 interim
1499 3901 1599 3954 siccam
1611 3897 1767 3965 meurisse,
1788 3903 1827 3961 et,

1002 3989 1063 4047 qnae
1082 3972 1136 4026 alia
1152 3974 1290 4030 narrabat.
1310 3977 1369 4030 Haeo
1387 3977 1474 4048 igitur
1492 3984 1527 4030 tn
1544 3993 1607 4030 sera
1618 3984 1708 4029 essem
1721 4015 1730 4040 ‚
1741 3993 1830 4048 quum

178 4055 218 4108 Aa
237 4063 300 4121 pag.
326 4049 373 4098 93.
395 4039 492 4094 seriem
512 4049 539 4096 2.
560 4037 629 4098 eitr.
654 4045 685 4096 lu
708 4045 818 4119 proprie
843 4047 965 4103 carmine
1002 4049 1124 4102 mihine
1145 4049 1269 4102 dubitare
1291 4051 1403 4124 quidem
1422 4052 1538 4118 liceret,
1563 4051 1637 4104 dolui
1662 4069 1747 4122 sane,
1767 4060 1829 4104 tam

139 4128 230 4206 qualis
242 4123 278 4176 sit
291 4117 409 4194 Seyffert
423 4158 430 4184 ,
451 4135 587 4190 quamque
605 4137 654 4189 ego
671 4118 714 4174 hic
725 4141 787 4175 vere
797 4132 844 4176 aut
859 4122 966 4196 inique,
1002 4125 1132 4178 eximium
1142 4142 1251 4178 carmen
1264 4125 1297 4178 ab
1314 4142 1405 4182 errore
1417 4126 1586 4201 profecturu3
1604 4125 1670 4200 qui,
1689 4123 1829 4199 nilpoetse

137 4206 247 4267 eloco,
267 4197 302 4250 ad
321 4213 403 4266 quern
421 4194 585 4268 measidens
603 4201 751 4267 propriam
771 4199 965 4254 e·tc.rel'erun-
1001 4200 1113 4273 ingenio
1139 4201 1271 4268 demens,
1300 4201 1409 4259 lectoris
1432 4211 1546 4268 tamen,
1574 4221 1671 4256 verum
1693 4202 1828 4265 scientis,

112 4293 113 4296 ’
136 4279 273 4350 tur,ipse
291 4271 406 4344 judica3
429 4285 570 4340 germanos
595 4272 669 4324 enim
696 4279 788 4348 poetas
811 4275 963 4330 neolatinos
1002 4295 1111 4330 necesse
1134 4285 1197 4347 est,
1223 4277 1349 4330 nonnihil
1361 4279 1644 4354 turbetvoluptatem.
1655 4280 1749 4351 Ipsum
1762 4296 1827 4331 vero

136 4355 254 4412 iambico
269 4347 389 4403 carmine
409 4352 437 4396 ct
457 4343 599 4416 pindarico
619 4346 720 4422 spiritu
743 4349 904 4419 celebrans,
924 4352 963 4406 sic
1000 4351 1030 4406 in
1049 4371 1168 4406 errorem
1187 4351 1320 4426 quomodo
1341 4353 1554 4422 incidere,imo,
1571 4354 1705 4428 quomodo
1730 4371 1826 4407 rernm

135 4430 262 4506 incipite
868 4442 878 4463 ·
999 4428 1048 4482 diu
1077 4429 1163 4481 latere
1186 4429 1306 4501 {soluerit
1325 4431 1605 4492 De-Lamartiuium,
1632 4429 1665 4484 ab
1689 4429 1747 4504 ipso
1767 4428 1828 4482 dis-

255 4566 261 4578 ·
472 4557 504 4574 ..
999 4503 1118 4558 cendum
1140 4501 1219 4558 loret.
1241 4509 1284 4558 An
1296 4503 1401 4578 aliquid
1420 4506 1455 4560 ad
1473 4523 1531 4560 rem
1541 4504 1651 4580 publice
1660 4507 1698 4560 sit
1718 4504 1829 4560 conlas-

135 4571 314 4628 Adulterrnca
335 4567 506 4616 crementur
526 4577 619 4634 crepas
801 4569 805 4582 '
998 4599 1062 4647 m,
1086 4579 1200 4634 iuterim
1219 4579 1327 4654 ignom·

135 4648 231 4702 Cultus
251 4640 425 4704 Canloenam,
445 4651 557 4709 quaeque
577 4655 664 4710 nuper
683 4637 786 4697 advena

135 4722 260 4780 Genuina
272 4714 429 4794 propinasse
442 4711 524 4766 mella
536 4711 649 4768 nesciat.

135 4801 195 4854 uaee
207 4793 257 4852 illa
276 4791 368 4860 nultus
382 4787 529 4864 explicatos
543 4785 671 4860 detegens

134 4873 278 4930 Placidum
292 4863 420 4922 rerridens
444 4862 565 4941 'repperit
586 4863 729 4922 cone-icit:
1293 4924 1296 4932 ,

135 4950 224 5022 Quam
236 4968 253 5004 o
263 4947 358 5018 iniquo
373 4957 496 4996 exerceor
508 4937 565 4994 laio
576 4938 675 4992 deum!
1034 4947 1136 5000 terum
1158 4963 1226 5000 aare
1237 4945 1346 5000 deserti
1361 4945 1476 5016 sceripee
1497 4951 1551 5000 etc.
1568 4937 1679 4998 mollem
1695 4942 1726 4998 in
1751 4961 1827 5001 sacre
1913 4979 1914 4984 =

134 5024 237 5082 triveris
257 5019 325 5076 olim
342 5026 420 5072 muta
440 5031 548 5090 passam
560 5015 672 5072 vincula
996 5019 1195 5096 prophetarum
1226 5020 1320 5094 poesi,
1344 5039 1428 5096 quam
1447 5019 1493 5091 hic
1514 5020 1615 5092 legere.
1639 5021 1775 5076 Caeterum
1797 5020 1827 5076 iu

134 5105 234 5158 Secura
251 5093 357 5175 pridem
374 5093 481 5168 surpuit
501 5109 547 5146 mc
558 5089 670 5176 oblitio·
688 5097 741 5148 tio.
998 5095 1133 5168 ejusmodi
1154 5095 1341 5172 descriptione
1374 5095 1487 5152 difficile
1508 5095 1672 5172 pleramque
1691 5093 1736 5152 est
1751 5093 1827 5172 ,niti

1046 461 1078 574 qq
1090 445 1261 580 vrpgpuhrce,
1278 464 1309 512 ot
1324 457 1508 536 Seyffertiaue
1530 480 1630 526 cuneta
1645 469 1850 546 ‚clarioribus,

1031 4691 1072 4742 Aa
1090 4705 1154 4774 pag.
1175 4694 1223 4745 95.
1241 4687 1340 4746 seriem
1360 4695 1387 4744 1.
1407 4685 1496 4740 Verba
1507 4689 1588 4761 cipeto
1607 4690 1763 4744 nominent
1773 4712 1829 4748 uere

997 4847 1062 4896 tat.
1080 4838 1149 4893 tella
1169 4858 1213 4893 me
1237 4849 1420 4897 excusantem.

996 4775 1045 4818 teo
1059 4781 1152 4836 aecrpc
1165 4781 1213 4836 pro
1232 4767 1344 4818 eramiae
1365 4775 1435 4831 tuo,
1453 4775 1486 4817 or
1498 4766 1590 4838 sipoto,
1606 4783 1669 4824 oso.
1680 4764 1749 4818 rode
1761 4785 1828 4844 pap.
1913 4769 1914 4806 l
