3874 5726
889 320 927 382 11

102 419 174 486 Hae
186 419 262 480 illue
272 429 396 500 portans
407 467 417 497 ,
430 429 511 482 totus
521 422 554 481 in
569 421 679 482 officio.
918 423 1026 484 Orbiea
1039 439 1123 482 nune
1136 423 1249 484 iterum
1262 443 1410 488 mensurae
1424 443 1553 504 aroana,
1564 427 1659 492 relata
1701 444 1717 458 ··

57 503 123 562 Neo
135 523 239 580 mora,
254 513 360 584 raptus
374 523 469 582 equo,
484 515 582 568 motos
592 522 762 582 praesumo,
774 503 881 566 relieta'
961 508 1053 565 Arare
1064 503 1265 583 supserborum
1279 552 1287 579 ,
1300 527 1394 586 regna
1408 508 1546 584 subacta,
1561 510 1694 581 dueum,

103 586 185 644 Dum
204 595 289 663 porta
305 586 343 644 ad
356 587 452 664 patris
462 585 577 648 lumina
591 596 678 646 verto
691 583 798 654 larem.
917 589 1042 662 AEterni⁸
1053 585 1208 668 illecebris
1217 607 1301 648 nuno
1318 610 1368 650 me
1382 599 1508 649 tenuere
1518 599 1632 669 poetae,

58 669 172 728 Tristia
190 687 323 748 quaeque
333 667 426 736 hilari
438 670 581 729 rineebat
597 669 670 728 tibia
687 667 778 740 lusu,
958 671 1052 752 Trans
1067 687 1190 746 quoque
1201 670 1256 746 qai
1268 691 1359 733 nouas
1369 671 1477 736 saeoula
1492 673 1738 751 perquevigenl·

101 751 139 808 Et
155 751 342 826 matutinum
355 751 492 810 mnsoulo
504 751 609 812 abore
622 749 729 822 melos·
917 752 991 812 Tum
1006 749 1112 830 populi
1124 769 1222 808 mores
1232 797 1240 827 ,
1251 773 1306 830 per
1322 755 1431 832 stirpes
1442 751 1596 832 iuraque,
1612 745 1718 816 ouraoti

55 832 130 891 Mox
144 833 228 910 oepit
240 833 327 892 navia
339 879 346 905 ‚
357 833 472 912 refugo,
481 853 551 894 mox
566 832 670 904 littore
684 833 783 910 jaotor
795 875 805 906 ,
960 833 997 908 Et
1007 840 1208 892 monumenta
1219 837 1278 894 aevi
1292 855 1417 896 noscere
1428 855 1500 895 eura
1513 836 1585 897 fuir.

102 915 167 988 Qua
183 915 274 973 nudis
288 914 480 992 llolgoterra
494 915 575 992 riget
591 914 733 993 seopulis.
911 916 1063 994 ¹Abstrusa
1077 913 1197 972 allicuit
1207 919 1355 995 sapientia
1367 918 1461 994 digna
1471 916 1721 994 Braobmannm,

57 996 156 1068 Dura,
170 993 232 1075 ajo,
248 1005 389 1066 moestnm
399 998 581 1076 indignans,
592 995 755 1056 Germania
766 1005 881 1071 mater,
959 998 1039 1071 Quos
1052 995 1143 1057 avida
1156 995 1291 1078 Europe,
1305 1001 1431 1060 vendito
1446 999 1537 1058 eorda
1550 999 1658 1074 lueri»,
1685 993 1689 1002 ’

100 1079 204 1158 lisque
214 1079 260 1136 tui
275 1098 440 1158 spernens,
453 1098 551 1156 usque
560 1077 660 1138 aliena
670 1078 778 1138 fovens
791 1077 797 1138 l
823 1133 824 1140 ,
917 1078 1057 1138 Mortales
1068 1077 1195 1155 fugisse,
1206 1078 1287 1140 ieros
1300 1081 1396 1158 inque
1405 1091 1493 1140 antra
1503 1083 1624 1158 coegit,

57 1159 100 1218 Te
109 1163 284 1242 grqtusjam
294 1160 417 1240 linquo,
427 1162 735 1239 bonisqueisounque
744 1159 878 1232 colaber,
958 1160 1039 1224 bene
1052 1159 1195 1238 sibyllina
1208 1182 1291 1222 nuno
1302 1163 1356 1222 ubi
1369 1183 1444 1230 rone
1456 1173 1594 1222 movent.

101 1243 142 1300 Te
153 1241 261 1320 procul
271 1243 459 1314 immemori,
470 1243 565 1302 Teuto
576 1242 734 1318 redasque
743 1259 880 1304 maneus.
918 1243 1054 1320 Praesago
1066 1243 1168 1321 patuit
1182 1243 1260 1302 mibi
1274 1246 1382 1320 mundi
1394 1247 1519 1325 spiritus
1532 1245 1631 1306 alanus
1645 1287 1653 1308 .

58 1323 208 1403 Tempora
221 1370 229 1392 ,
250 1345 307 1384 neo
319 1323 411 1401 longe
426 1325 545 1384 fuerint
557 1369 568 1396 ,
581 1343 668 1402 egeas
680 1323 751 1398 ulii,
765 1325 861 1384 fortes
958 1323 1079 1404 ltlystioo
1102 1325 1262 1386 sunskritae
1274 1320 1284 1397 ¹,
1301 1327 1436 1408 mythice
1453 1335 1532 1384 texta
1549 1369 1557 1398 ,
1575 1345 1675 1386 saara.

100 1405 208 1466 Emtos
218 1426 294 1484 quos
308 1407 405 1466 mittis
417 1454 427 1479 ‚
439 1427 497 1466 nee
510 1406 594 1482 dolet
607 1451 614 1479 ,
628 1424 690 1466 erre
705 1407 797 1465 viros.
916 1406 1076 1466 Attonitus
1087 1405 1285 1468 Brachmanae
1297 1409 1452 1470 haerebam
1463 1410 1494 1466 iu
1508 1409 1637 1477 funere,
1652 1428 1740 1476 arren-

59 1485 205 1548 Fronrlea
216 1489 342 1550 tollebat
352 1509 383 1546 se
394 1489 523 1552 collibus
534 1487 643 1564 Anglia
660 1498 786 1566 :portus
933 1545 935 1550 ,
1475 1549 1478 1560 ,
1673 1499 1734 1548 tem

100 1571 224 1630 Nautiei
234 1572 403 1648 inexpertis
414 1571 505 1644 dulos
518 1569 630 1630 laboris
643 1579 717 1630 erat.
932 1615 934 1622 .
958 1567 1015 1642 Qui
1029 1576 1148 1626 natura
1162 1567 1271 1627 balans
1282 1571 1315 1628 in
1327 1580 1419 1630 novat
1433 1591 1531 1648 usque
1541 1573 1654 1630 sinum.
1731 1613 1742 1638 .,
1756 1635 1762 1648 ι

61 1651 196 1730 Longius
210 1653 264 1711 hio
279 1655 318 1713 ad
329 1655 389 1714 iter
401 1673 492 1728 naves
506 1671 614 1732 cepere
625 1660 757 1738 pratae,
918 1649 1003 1722 Saepe
1015 1649 1093 1714 mihi
1105 1658 1136 1708 et
1147 1649 1276 1710 blandas
1287 1651 1360 1710 lusit
1371 1651 1514 1731 bajadera
1528 1655 1675 1731 olroreas,
1756 1653 1761 1660 '

101 1735 189 1810 loeta
205 1781 214 1806 ‚
228 1745 335 1796 teneus
347 1745 426 1795 nutu
444 1755 514 1812 quae
525 1735 655 1812 spatiosa
667 1735 758 1809 regit.
961 1731 1161 1790 Deformants
1171 1733 1252 1790 nihil
1263 1734 1356 1792 moris
1367 1735 1406 1792 nb
1420 1743 1485 1794 arte
1497 1735 1634 1796 trahens.

65 1815 208 1874 Veliferis
220 1815 308 1876 malis
319 1818 362 1877 sio
377 1838 430 1877 nos
441 1818 504 1876 fert
520 1815 622 1894 sylva,
634 1815 746 1878 minaei
917 1813 966 1872 sie
979 1813 1126 1890 urgebam
1135 1813 1227 1872 horas
1236 1837 1247 1888 3¹
1260 1817 1357 1892 nigras
1371 1837 1502 1890 venere;
1518 1829 1636 1876 remoto
1733 1869 1738 1876 .

104 1898 178 1976 llupi
192 1897 355 1977 junotnros¹
363 1898 503 1962 Herculis
513 1897 639 1958 auxilia.
959 1895 1016 1954 Pro
1028 1894 1093 1954 lare
1108 1895 1153 1952 nil
1165 1896 1316 1972 gremium
1328 1898 1394 1974 jam
1410 1899 1469 1958 nisi
1481 1900 1637 1960 amicitiae.

61 1978 198 2056 Longum
214 1981 338 2058 jactatis
350 1982 476 2047 adversa
492 1980 648 2054 erroribus
663 1997 737 2038 aura
751 2021 759 2052 ,
918 1976 1008 2042 Eece,
1022 1975 1176 2052 mibieari
1189 1979 1365 2037 moriuntur
1378 1999 1386 2036 s
1398 1978 1525 2040 discutit
1536 2001 1616 2040 unus
1696 2041 1701 2048 ,

101 2061 236 2139 Turgidn
250 2065 414 2134 vassoniae,
423 2083 484 2140 qua
496 2062 574 2124 furit
585 2061 667 2120 unda
679 2059 743 2120 salo
757 2099 766 2128 ,
960 2058 1055 2138 Letali
1068 2058 1211 2137 plumbo,
1226 2069 1330 2118 mente
1341 2060 1476 2135 furente,
1489 2072 1595 2140 eaput.

58 2142 80 2200 F
81 2143 174 2201 elices
185 2143 277 2216 facile
294 2144 370 2207 dant
386 2146 532 2204 nantibus
546 2142 655 2204 insulae
669 2142 799 2206 odores,
918 2141 953 2200 Et
968 2140 1046 2200 mibi
1060 2138 1104 2199 sol
1115 2143 1201 2202 venis
1217 2162 1296 2202 savo
1309 2142 1415 2202 Fremit
1426 2144 1520 2221 igne,
1533 2145 1697 2206 cerebrum

100 2225 243 2286 Mollibus
260 2235 291 2286 et
312 2227 447 2294 muleeat
461 2226 588 2294 ‚flamina
603 2224 716 2284 blanda
731 2219 840 2302 plagis·
958 2221 1125 2283 Turbatam
1135 2232 1244 2283 moesto
1257 2243 1458 2303 smpevapore
1471 2246 1613 2302 gravans.

57 2305 158 2366 Prima
176 2309 343 2368 salutamus
356 2308 507 2382 te,Bahia
521 2311 625 2376 ,traria
639 2325 737 2376 mare,
750 2299 881 2383 pulchro
917 2304 1051 2383 Corpore
1068 2307 1268 2383 quantumvis
1282 2306 1360 2366 aeris
1377 2309 1505 2384 vestigia
1521 2308 1626 2370 morbi

99 2389 267 2450 Fructibus
287 2393 424 2452 invitans
439 2393 591 2468 nigraque
604 2409 693 2448 scena
710 2389 780 2447 sinu
795 2423 803 2452 ‚
959 2386 1097 2456 Cedunt;
1112 2388 1215 2446 sanari
1228 2407 1291 2447 non
1304 2389 1382 2468 potis
1394 2409 1473 2465 aeger
1484 2389 1595 2448 honor.

57 2473 157 2544 Quam
172 2493 282 2544 ooeus,
299 2494 391 2534 aurea
409 2471 488 2538 mala
500 2517 513 2547 ,
528 2472 596 2532 aloe
606 2470 778 2551 palmaeque
794 2480 881 2525 coro-
917 2469 1031 2528 Dnrius
1043 2477 1074 2528 at
1085 2468 1177 2546 longe
1191 2471 1243 2546 qui
1256 2470 1355 2528 ‹lioam
1371 2515 1378 2538 ,
1392 2473 1485 2548 quive
1500 2472 1608 2532 taoebo
1618 2475 1651 2534 2².

680 2619 682 2626 Ι
780 2553 878 2624 nan15
959 2551 1077 2628 Lingua
1091 2551 1179 2627 nigra
1197 2560 1230 2610 ut
1242 2553 1344 2612 verbis
1359 2552 1504 2620 insidiata
1521 2556 1614 2628 meis,

99 2635 186 2709 Quod
212 2635 338 2712 sitiunt,
356 2637 451 2698 viridi
465 2636 583 2694 lumina
600 2634 733 2713 quisque
756 2631 837 2690 beat.
917 2632 1042 2711 Culpam
1054 2631 1143 2711 eulpa
1155 2653 1285 2712 augens,
1298 2634 1713 2714 facinusfingensqueferoei
1729 2639 1744 2694 i·

58 2714 184 2778 Naturae
199 2738 218 2776 o
229 2728 350 2798 raptum
363 2719 458 2778 mearl
472 2726 585 2780 sanotae
598 2725 701 2796 peetus
713 2707 841 2774 amicat
958 2717 1140 2794 Quanquam
1159 2735 1216 2792 ego
1232 2739 1240 2792 5
1267 2717 1280 2794 (
1300 2736 1372 2776 nans
1397 2737 1476 2797 puro
1499 2727 1623 2796 pastore
1648 2718 1739 2778 lomis

100 2801 136 2857 Ut
149 2802 230 2860 votis
239 2845 246 2870 ,
256 2800 353 2870 oeulis
363 2802 483 2861 eonsoia
495 2812 531 2860 ut
543 2798 622 2878 alma
638 2794 734 2856 meis!
1592 2820 1674 2860 eram
1692 2846 1701 2875 ‚
1723 2799 1735 2879 l

58 2879 113 2942 llio
137 2881 251 2944 lloreus
281 2884 391 2961 regio,
413 2883 545 2958 marium
566 2881 617 2940 bie
636 2881 796 2939 immensa
816 2895 883 2955 pro·
917 2879 983 2938 Non
993 2879 1083 2952 fero,
1098 2877 1145 2959 jus
1161 2881 1292 2958 patriam
1303 2879 1542 2959 libertatemque
1553 2902 1713 2960 reposeens
1729 2905 1738 2940 r

756 2960 854 3020 funda
868 2980 877 3016 ι
958 2961 994 3020 Et
1005 2961 1132 3041 pelagus
1144 2961 1233 3031 lenti,
1250 2961 1329 3042 proh
1340 3007 1348 3037 ‚
1360 2983 1445 3022 mora
1456 2965 1536 3040 juris
1548 2973 1614 3024 erat
1627 2967 1633 3024 l

97 3045 178 3104 laeta
192 3067 246 3106 suo
263 3045 402 3124 requies,
414 3065 501 3104 mens
514 3046 547 3104 in
560 3051 663 3123 aperta
679 3040 797 3105 volans.
917 3042 1011 3112 Urbes
1027 3044 1146 3104 interea
1158 3053 1189 3102 et
1200 3044 1267 3122 fugi
1281 3064 1351 3104 eum
1364 3043 1474 3103 fraude
1485 3045 1653 3107 tumultum
1670 3070 1688 3106 :¹

59 3128 166 3186 Cluati
183 3137 213 3187 et
229 3130 328 3206 vegeti
346 3148 451 3188 rursus
465 3147 560 3204 quum
576 3125 723 3186 findimus
735 3143 842 3204 aequor
851 3169 861 3198 ,
957 3125 1050 3202 AEgro
1063 3146 1114 3188 rus
1129 3126 1213 3186 cordi
1229 3125 1291 3186 sola
1308 3125 1425 3184 medela
1440 3146 1518 3186 meo.

103 3210 172 3269 Sola
188 3207 297 3290 proeul
313 3220 392 3269 nutu
408 3229 456 3268 me
469 3207 633 3268 Trinidada
648 3215 738 3265 vooat
751 3252 760 3280 ,
917 3209 955 3269 Et
970 3207 1139 3285 longinqua
1152 3216 1255 3266 tamen
1268 3228 1352 3287 spem
1363 3208 1441 3266 fouit
1451 3209 1553 3284 imago
1564 3205 1723 3285 probandi-i

58 3294 240 3352 Protensum
256 3290 375 3370 placide
388 3292 534 3370 primaevo
545 3291 798 3359 vesties-saxum:
930 3340 934 3360 ‚
959 3288 1104 3368 Belloque
1118 3298 1148 3348 et
1162 3288 1252 3350 factis
1263 3309 1313 3348 me
1324 3289 1507 3368 nimbosque
1521 3289 1634 3370 virum.

101 3375 206 3433 cineta
220 3383 304 3453 patet
315 3372 405 3433 vallis
416 3381 483 3452 post
494 3371 651 3454 scopulosa
663 3366 735 3448 iuga
752 3413 760 3440 ‚
918 3371 992 3432 Cum
1003 3369 1117 3450 Tippoo
1127 3371 1226 3448 igitur
1238 3371 1312 3431 dum
1323 3391 1382 3453 pax
1392 3370 1472 3430 malo
1484 3371 1545 3430 fida
1556 3371 1702 3430 manebat
1708 3417 1726 3448 „
1822 3401 1834 3417 ·

58 3456 148 3516 liaris
161 3476 278 3534 sparsa,
300 3454 440 3516 homines
454 3456 536 3514 iuter
550 3472 634 3534 nane
646 3450 720 3511 inde
732 3450 860 3512 reducta
955 3453 1012 3513 Per
1023 3457 1098 3532 juga
1112 3452 1308 3524 ,Avotveham
1321 3462 1421 3533 posset
1436 3463 1470 3512 ut
1480 3455 1526 3512 ire
1540 3474 1659 3514 manus.
1683 3514 1688 3525 ,
1705 3494 1710 3503 .

100 3541 180 3612 Quas
194 3539 262 3616 paoi
274 3538 385 3596 struxit
397 3536 545 3616 naufraga
559 3533 650 3596 turba
662 3553 755 3594 casas.
915 3537 962 3596 Ab
974 3535 1096 3594 Vellore
1113 3537 1224 3612 ingens
1235 3534 1348 3616 „longe
1358 3536 1439 3596 ultra
1449 3535 1673 3598 laniambaddi
1685 3581 1705 3616 ,Y
1732 3596 1735 3604 ,

56 3621 118 3679 Hie
131 3620 355 3696 ego‚iingebanr
367 3617 483 3678 blando
494 3619 572 3678 mihi
587 3617 706 3682 somnio
720 3636 857 3678 eremum
872 3659 879 3688 ‚
957 3617 1136 3678 Lustrabam
1149 3637 1318 3696 peragrans
1332 3617 1539 3677 muleeatense
1550 3637 1678 3691 nemum

99 3702 223 3761 Natura
237 3710 330 3778 atque
340 3701 436 3760 animi
452 3721 567 3760 mersus
580 3700 613 3758 in
628 3697 688 3758 alta
703 3699 776 3757 mei.
914 3699 1049 3760 lletabar
1069 3696 1165 3760 valles
1178 3699 1455 3779 faucesqueatqua
1465 3700 1560 3760 ardua
1573 3746 1582 3777 ,
1600 3710 1686 3762 rasta

55 3789 157 3862 Acras¹
171 3785 335 3862 fugissem,
350 3781 392 3844 ab
404 3777 513 3856 ,ouras
526 3781 663 3842 etlaedia
679 3781 685 3837 l
701 3781 817 3839 amicus
956 3781 1047 3844 Nullo
1058 3781 1199 3860 Europaei
1210 3781 1269 3862 per
1280 3782 1345 3842 looa
1358 3783 1433 3842 trita
1446 3781 1541 3862 pedes
1606 3781 1608 3786 ’

98 3865 160 3924 Neo
171 3865 249 3924 mibi
262 3873 323 3924 tam
339 3863 473 3924 raaudus
485 3909 495 3936 ,
507 3884 599 3942 quem
611 3861 768 3924 subiturus
783 3881 882 3922 eram..
914 3865 994 3924 Lace
1003 3863 1115 3935 ‚iduees
1130 3863 1184 3922 lidi
1196 3865 1314 3944 „tigrin
1328 3864 1399 3924 indi
1414 3865 1507 3924 densa
1519 3865 1671 3944 fugabant

54 3947 95 4006 At
106 3946 272 4008 Trinislada
286 3947 457 4026 fugit5uon
468 3945 568 4006 insula
583 3943 708 4018 deinde,
720 3961 777 4002 nee
787 3941 840 4004 ora
849 3988 858 4018 ,
955 3945 1112 4006 lirilsaales
1127 3965 1288 4006 nemorum
1304 3969 1311 4004 ε
1331 3945 1406 4005 dum
1421 3955 1502 4006 rotat
1526 3959 1605 4008 astra
1627 3949 1744 4032 polus,

97 4029 207 4092 Omnia
223 4029 263 4104 ad
278 4039 429 4088 extremas
440 4024 523 4088 unda
536 4027 686 4106 polusque
699 4025 774 4084 viss.
914 4031 1016 4088 Strata
1032 4029 1119 4106 ig'nes
1134 4027 1216 4088 iuter
1230 4027 1359 4106 vigiles,
1372 4027 1577 4108 fremitusque
1588 4035 1700 4092 remoti

54 4112 158 4188 Longa
174 4119 246 4170 ante
260 4109 405 4186 ambages
415 4101 557 4190 aqstralis
570 4109 604 4172 in
617 4106 744 4167 orbibus
753 4106 836 4180 nais,
956 4107 1085 4169 Securus
1099 4111 1188 4170 nobis
1202 4110 1258 4170 sub
1276 4111 1350 4171 Jove
1364 4131 1487 4171 somnus
1500 4122 1576 4172 erat.

95 4194 193 4267 Quam
205 4192 498 4266 fleaurmfflousoons
511 4211 584 4252 aura
596 4189 650 4248 ubi
664 4193 790 4266 regnat,
805 4191 876 4250 iter.
912 4191 1139 4272 Belluaaperta
1153 4194 1259 4252 minax
1274 4213 1393 4272 ungues
1412 4195 1444 4252 in
1460 4193 1566 4271 prmlia
1584 4193 1686 4272 tollit,

54 4274 209 4333 Classibus
223 4274 319 4355 elapsi
335 4283 489 4354 postremo
502 4270 687 4352 adpellimur
698 4271 794 4330 hostis
806 4313 824 4342 ,¹
955 4273 1060 4338 Eullax
1074 4321 1082 4349 ,
1098 4275 1151 4333 sed
1164 4275 1246 4334 rides
1260 4277 1345 4335 virus
1356 4277 1487 4350 ,amiee,
1500 4296 1624 4352 parans»

95 4358 239 4435 Quotque
252 4357 333 4433 ignis
347 4375 453 4428 casus,
471 4364 609 4434 quotque
623 4354 738 4412 minata
754 4351 832 4414 freta
845 4397 854 4428 ,
912 4357 977 4420 lieu
988 4357 1068 4418 mihi
1082 4375 1152 4439 quae
1163 4377 1280 4420 meroes
1294 4356 1307 4420 l,
1317 4357 1475 4420 Homines
1489 4359 1634 4422 utfrater
1652 4378 1740 4418 ama-

54 4438 112 4498 Vel
127 4440 182 4516 qui
198 4437 326 4514 desudo
339 4437 488 4514 insidians
499 4439 561 4499 ruit
574 4434 689 4500 aethere
703 4433 794 4495 turbo
809 4459 817 4494 s
884 4493 888 4500 ,
1579 4503 1582 4512 ,
1635 4440 1707 4500 bam
1728 4464 1744 4498 ι

97 4523 226 4600 Excepit
239 4521 336 4588 sorios
349 4539 410 4580 aere
424 4527 551 4578 tonante
563 4519 691 4578 narras.
953 4522 1035 4596 Sota,
1051 4531 1188 4586 mersare
1199 4543 1266 4590 mea
1278 4527 1364 4604 paria
1378 4543 1460 4606 saepo
1479 4543 1591 4586 inane„

55 4603 117 4664 Nee
137 4623 240 4678 mora,
267 4622 337 4682 pars
360 4597 519 4662 llalabaris
539 4600 576 4660 in
591 4619 676 4661 asma
697 4607 804 4660 rosata
820 4617 878 4680 per
911 4602 988 4663 ane
1002 4599 1202 4664 diestaodem
1217 4607 1353 4666 vindex:
1369 4607 1502 4685 suspioio
1517 4603 1616 4684 culpae
1635 4645 1653 4672 ,.

198 4707 200 4716 ‚
758 4701 843 4741 oram
864 4728 873 4759 ,
955 4686 1064 4746 ludios
1076 4689 1224 4746 castrensi
1240 4707 1396 4770 ,quaeque
1410 4687 1532 4766 repulsa
1548 4687 1651 4745 c'adit.x

95 4767 224 4846 'lipposa
238 4774 345 4826 eontra
362 4761 650 4846 Francigenumque
663 4783 771 4824 manus
781 4809 800 4838 ,,
912 4767 1046 4846 Jamque
1056 4769 1230 4846 impugnati
1253 4790 1302 4829 me
1315 4770 1367 4830 lea
1380 4769 1524 4848 poscebat
1547 4765 1674 4826 brrrmri's
1689 4791 1698 4825 :

52 4848 210 4908 Postremo
232 4847 310 4906 olari
326 4848 455 4906 rinouat
470 4849 656 4919 cartamine;
677 4845 835 4911 adiudam
952 4849 1019 4908 Non
1043 4851 1131 4917 rudis
1145 4860 1191 4911 est
1208 4851 1337 4930 longum
1352 4851 1484 4915 dedecus
1499 4849 1563 4912 ulta
1579 4869 1701 4909 ananus.

93 4931 233 5008 Namque
245 4930 389 5007 Europaeo
401 4949 459 5006 pax
471 4929 647 5008 senatoriis
661 4927 792 5008 plagam.
913 4931 993 5006 Quin
1006 4931 1282 5002 rmhilaetaiterum
1292 4953 1387 5015 prope
1393 4937 1457 5012 jam
1467 4935 1593 4992 sensisse
1602 4930 1746 5008 videbar,

4 4969 6 5070 l
53 5011 96 5072 lile
107 5033 173 5072 scos
186 5014 249 5072 visa
262 5057 271 5088 ,
285 5013 366 5072 aoies
377 5012 447 5072 visae
463 5011 578 5088 fugisse
590 5037 595 5069 ι
611 5010 800 5090 flagrantem.
955 5015 1140 5091 somniaque
1155 5015 1188 5074 iu
1203 5017 1311 5093 longos
1326 5019 1463 5095 fingere,
1476 5023 1614 5089 utente,
1635 5013 1701 5072 dies
1711 5037 1724 5074 :.,

92 5091 242 5158 Discendi
262 5092 360 5174 duleis
371 5091 486 5175 risque
501 5091 614 5154 fefellit
626 5113 733 5154 aanor„
914 5093 1038 5157 Frustra
1053 5107 1192 5172 inmaturo
1204 5100 1408 5182 oouleetaque
1417 5098 1570 5174 monrbro,
1582 5096 1744 5176 magisque
