3868 5712
855 293 913 354 193

34 397 92 449 Par
106 388 138 450 id
147 390 329 452 inhnmanum
338 391 418 452 ielles
429 404 457 449 et
468 392 570 452 ilamen
590 395 732 472 adauget,
914 394 1061 462 minimum
1082 393 1219 466 offendit,
1242 397 1377 471 quomode
1388 417 1517 474 maguam
1528 437 1539 475 ,
1564 409 1652 470 certe,
1673 419 1744 476 que-

77 472 158 526 Dum
187 472 521 530 enitescandeutriscera
543 471 602 527 dira
616 471 682 532 feci.
824 469 827 479 '
915 473 995 527 mode
1015 472 1087 528 limae
1108 482 1137 528 et
1156 473 1275 548 improbi
1303 473 1424 540 laberis,
1447 477 1479 532 iu
1497 477 1649 556 interprete
1668 497 1744 532 uun-

35 550 75 602 Se
92 547 168 601 simu
189 545 344 602 accendunt
354 548 480 604 sitientes
492 547 570 602 cardis
581 558 629 616 ,ut
641 569 658 606 a
668 567 698 604 sa
786 559 790 565 ’
915 565 998 622 quam
1012 567 1068 602 uen
1088 549 1261 606 desiderandi
1276 593 1284 618 ,
1296 550 1406 605 laudem
1418 561 1556 608 merentur
1568 591 1576 623 ,
1592 553 1743 610 consideo.

76 621 211 678 Protinus
225 623 542 698 uraturrictimadigua
561 643 637 699 rege.
916 625 1078 692 Enimvero,
1093 619 1165 680 sicut
1188 626 1289 699 passim
1307 626 1341 680 ab
1360 625 1510 704 archetype
1528 629 1682 696 recidenti,
1704 631 1743 683 ita

572 703 577 710 '
757 697 759 702 ’
915 699 947 754 iu
971 699 1098 754 latiorem
1113 701 1481 778 sententiamtuameresque
1493 705 1613 779 plurima
1622 703 1744 778 trahenti

78 783 150 850 Ques
163 775 187 834 si
201 797 256 834 neu
270 788 338 842 suut
350 779 538 856 pulcherrirna
551 775 803 858 quecunquemede
815 787 880 829 rer·
916 793 979 830 rare
999 777 1116 850 uixque,
1138 776 1184 830 nbi
1214 776 1262 832 diu
1281 775 1403 833 luctatus
1424 772 1545 850 vincat,
1562 781 1745 860 relinquetur.

37 855 133 909 tentis
153 853 265 930 ineptiae
277 897 285 924 ,
295 857 362 930 quid
374 858 487 912 taudem
501 875 561 912 esse
575 856 723 910 dicamus?
739 852 814 907 eade
828 871 838 916 ,⁴
856 843 880 898 sl
917 855 1010 925 Atque
1026 849 1077 905 hec
1088 851 1122 906 ad
1132 849 1248 908 disticha
1265 853 1421 926 germanica
1433 855 1520 910 latine
1534 855 1672 915 reddenda
1683 875 1745 912 curn

38 929 82 985 ris
105 949 166 985 nen
188 932 282 985 minus
294 933 439 1007 ineptam,
462 933 555 988 laeum
572 945 601 988 et
619 934 739 987 domines
759 936 814 985 etc.
838 921 882 980 his
919 927 1038 1000 inarime
1061 925 1218 1001 pertinere,
1231 926 1314 982 facile
1330 931 1513 999 concesseris;
1531 931 1561 985 iu
1582 931 1682 1008 quihus
1700 934 1746 986 ui-

43 1003 178 1062 disqichj,
195 1006 336 1064 redditum
348 1031 369 1064 2,
685 1025 687 1030 ’
919 999 962 1056 hil
982 1001 1124 1058 emittenti
1143 1022 1211 1078 saepe
1233 1003 1333 1060 arduus
1345 1046 1352 1073 ‚
1364 1005 1419 1059 imo
1438 1006 1633 1070 interdnmrel
1645 1008 1749 1062 deotis-

515 1127 519 1136 ,
921 1078 990 1132 ιὶιιιο
1011 1077 1195 1154 desperandus
1213 1078 1315 1148 laher,
1344 1081 1377 1135 de
1397 1101 1450 1156 quo
1477 1101 1527 1140 nes
1547 1084 1747 1171 quadampag.

42 1157 505 1234 Atqueparatusaditdemiuam,
524 1152 773 1233 dietaquesaluter
924 1160 1000 1219 itt,
1022 1173 1073 1210 ser.
1105 1162 1132 1210 2.
1153 1157 1251 1208 Contra
1277 1155 1413 1211 breviores
1439 1175 1532 1214 versus
1554 1179 1585 1214 ιιι
1610 1159 1748 1232 longiores

41 1233 206 1310 mMsttor,
226 1234 274 1289 ubi
287 1232 385 1292 fornax
397 1236 679 1308 aeracomcaliquat,
882 1259 886 1268 ·
919 1227 1003 1284 facile
1018 1270 1026 1298 ,
1039 1229 1107 1304 quin
1132 1229 1193 1284 idea
1215 1248 1326 1306 prorsus
1346 1231 1507 1308 displiceas,
1528 1235 1689 1291 extenderis.
1715 1239 1748 1290 ln

82 1330 99 1364 e
112 1309 184 1364 milri
196 1353 205 1377 ‚
217 1327 275 1384 quae
288 1313 390 1385 passim
409 1311 461 1366 tihi
475 1329 549 1366 uuae
565 1309 696 1367 mandata
708 1303 845 1382 patrare?
922 1303 1090 1360 hexametris
1103 1315 1196 1359 autem
1216 1306 1298 1375 selis,
1319 1327 1404 1383 quum
1426 1309 1504 1364 nulle
1513 1308 1572 1366 fere
1581 1309 1673 1366 limite
1686 1329 1749 1365 sen-

79 1387 155 1442 Nam
164 1386 217 1442 tibi
231 1396 298 1442 aunt
308 1387 378 1446 terri
391 1388 487 1444 munia
506 1405 583 1442 sacra
601 1385 659 1442 tui.
920 1381 1009 1434 tantia
1023 1383 1191 1449 coarctetur,
1204 1382 1329 1454 neglecta
1344 1382 1485 1460 archetypi
1495 1385 1630 1443 brevitate
1641 1429 1649 1455 ,
1661 1388 1749 1442 multe

920 1457 1025 1524 etiam,
1043 1475 1126 1532 quam
1146 1457 1176 1510 iu
1189 1457 1274 1530 elegis
1294 1459 1573 1536 strephisrelyricis,
1595 1463 1688 1518 minus
1707 1462 1751 1518 la·

84 1539 154 1606 Quae
167 1533 190 1590 si
201 1534 327 1610 alioquin
337 1536 380 1592 vel
392 1535 498 1612 optima
508 1543 609 1603 esseut,
619 1551 674 1588 nen
686 1529 747 1586 ideo
757 1547 811 1608 nen
825 1544 884 1582 rea·
919 1531 1028 1586 bombis
1041 1557 1047 1600 ;
1061 1542 1089 1587 et
1102 1551 1166 1594 vere
1177 1531 1263 1606 ipsius
1274 1534 1410 1603 Fischcri,
1423 1537 1452 1590 iu
1466 1537 1542 1612 epico
1561 1557 1661 1612 genere
1674 1579 1681 1606 ‚
1694 1559 1750 1594 uon

47 1610 163 1688 pecuda
186 1613 282 1670 mullei
299 1614 311 1686 (
331 1615 475 1674 Hammer.
493 1613 648 1678 mersisset,
682 1605 786 1683 sorge)
807 1604 884 1676 peri·
919 1615 978 1662 tam
990 1615 1116 1676 superata
1130 1607 1293 1662 difficultate
1310 1609 1458 1666 laudabilis
1471 1632 1538 1688 saepe
1550 1633 1751 1690 opera,quarn

47 1687 182 1776 phrasis,
212 1707 285 1761 quse,
304 1698 358 1756 ut,
381 1690 404 1744 si
434 1688 465 1742 in
496 1687 644 1760 archetypo
664 1683 766 1749 feret,
795 1679 833 1734 sie
851 1678 883 1733 iu
921 1691 997 1758 grata
1010 1683 1137 1738 dictionis
1148 1683 1282 1739 facilitate
1295 1688 1399 1746 extitit.
1419 1687 1506 1761 Hujus
1516 1691 1603 1745 Leisee
1615 1691 1750 1746 Vossianm

49 1773 278 1836 interpretatam
301 1763 419 1819 ridicula
437 1771 502 1832 est,
523 1781 624 1836 quarn,
637 1761 669 1814 ,εἰ
688 1777 737 1834 pra
757 1754 883 1829 simplice
920 1760 1035 1814 initium
1052 1761 1170 1832 exempli
1192 1762 1280 1834 gratia
1300 1780 1453 1836 preponens
1473 1765 1677 1835 Friedemauu‚
1702 1786 1752 1822 eo·

50 1859 104 1894 m
118 1842 217 1895 mitior
234 1839 527 1905 diceremierombi
546 1837 724 1912 sumentem
740 1847 883 1888 meumes
921 1835 984 1890 dem
1006 1833 1053 1888 hic
1081 1855 1208 1890 versuum
1243 1855 1377 1906 numero,
1405 1840 1439 1893 ob
1462 1841 1552 1896 multa
1585 1843 1714 1898 videlicet
1736 1863 1752 1898 a

51 1919 182 1973 metitur.
197 1914 251 1970 Sed
269 1916 345 1970 enim
355 1915 514 1983 Fenerleiu,
527 1921 656 1969 consueta
669 1911 715 1966 hic
725 1909 884 1964 ueolatiuo-
923 1919 1045 1966 veterum
1058 1918 1086 1964 et
1097 1930 1171 1964 mere
1183 1919 1212 1965 ct
1231 1931 1354 1972 sermone
1373 1912 1463 1970 aliena
1478 1917 1665 1994 ,archetypeu
1674 1918 1753 1974 reddi

52 2011 117 2046 rum
137 1989 275 2064 religione
295 1991 443 2058 laborans,
470 2009 549 2059 rem,
572 1988 646 2063 qued
666 1987 701 2042 ad
729 1985 884 2050 melleum,
922 1985 981 2042 siue
1002 2005 1107 2041 summa
1123 1987 1356 2045 obscuritateuon
1375 1993 1495 2064 potuisse
1517 2004 1629 2063 menet,
1650 1995 1753 2069 jastius

52 2066 128 2121 unde
146 2067 179 2120 ad
202 2067 303 2121 ellatur
315 2108 322 2135 ‚
343 2085 462 2136 ueram,
482 2085 531 2120 sue
549 2065 623 2140 apud
643 2063 809 2118 recentiores
830 2075 885 2112 ne-
922 2063 997 2118 idem
1008 2103 1016 2131 ,
1029 2064 1124 2138 opinor
1135 2104 1143 2131 ,
1156 2072 1188 2117 de
1200 2063 1263 2117 aliis
1274 2065 1360 2119 Loieoe
1372 2067 1439 2121 locis
1454 2069 1626 2138 moniturus,
1646 2075 1677 2126 iu
1688 2073 1754 2146 qui-

53 2143 132 2196 miue
156 2088 297 2217 adpellare
316 2143 459 2218 piaculum
479 2151 631 2216 reputaret.
659 2141 711 2194 Nes
732 2155 782 2190 cur
803 2135 886 2206 louge
923 2138 974 2193 hus
995 2157 1044 2212 ego
1064 2138 1175 2199 nullum
1196 2139 1300 2208 citius,
1320 2159 1403 2216 quam
1425 2143 1551 2200 divinum
1583 2145 1697 2221 illum(
1720 2147 1754 2200 ah

54 2218 140 2272 aliter
150 2219 179 2272 in
200 2218 356 2286 similibus,
379 2218 440 2274 vide
452 2237 515 2292 pag.
530 2226 582 2272 lte
596 2233 668 2284 ,seu
681 2224 708 2271 1.
718 2213 773 2282 Qui
791 2219 887 2264 tamen
923 2214 1017 2290 idyllii
1034 2222 1061 2270 3.
1074 2234 1152 2268 versu
1162 2221 1217 2269 48⁰
1230 2246 1263 2259 -
1278 2219 1353 2288 530)
1379 2219 1412 2272 de
1433 2219 1564 2290 musicis,
1584 2217 1755 2296 musicusque

53 2295 189 2349 midlesear
206 2294 297 2364 nolit,
317 2293 490 2370 periphrasin
507 2293 605 2367 utique
621 2289 767 2346 ridiculam
783 2287 889 2342 vitare-
924 2291 954 2345 iu
967 2290 1091 2344 animum
1109 2289 1261 2344 humanum
1276 2292 1324 2362 vi,
1339 2311 1489 2367 ponerem,
1507 2297 1531 2351 ai
1554 2298 1628 2372 quid.
1640 2300 1755 2354 mamis

55 2370 121 2436 rit,
140 2369 276 2424 cilicinam
296 2370 341 2426 hic
361 2370 416 2424 sire
442 2369 629 2444 simpliciter,
647 2367 703 2422 sire
723 2362 891 2430 ferrariam,
924 2365 969 2421 his
985 2365 1091 2439 judicie
1116 2366 1235 2436 tribuis,
1256 2368 1299 2421 vix
1318 2369 1372 2423 ulii
1406 2370 1554 2446 interpreti
1587 2374 1675 2428 latino
1699 2393 1756 2428 nou

59 2453 189 2498 veterum
208 2444 237 2499 in
247 2445 296 2502 ill.
308 2465 338 2502 η
349 2445 486 2502 vocabulis
497 2487 505 2514 ‚
518 2463 624 2500 nocuus.
686 2481 692 2491 .
926 2441 1123 2515 desperandum
1136 2468 1143 2510 3
1163 2461 1217 2516 que
1230 2443 1353 2516 iniquior
1367 2445 1421 2506 hic¹
1433 2447 1609 2519 Fischerum,
1627 2467 1756 2506 uersuum

927 2518 1069 2592 archetypi
1089 2537 1253 2584 numerum,
1276 2530 1307 2572 ut
1332 2523 1433 2594 passim
1453 2523 1483 2576 in
1507 2525 1591 2580 Leiae
1603 2527 1756 2592 vertenda,

103 2597 146 2648 Aa
158 2613 221 2668 pag.
235 2602 298 2654 112.
324 2595 421 2652 seriem
434 2605 462 2655 2.
481 2598 524 2650 De
545 2611 608 2650 rece
624 2594 743 2648 melleas
764 2589 794 2644 iu
813 2605 894 2644 versu
927 2593 1010 2667 louge
1030 2593 1223 2662 excedentem,
1244 2595 1493 2670 reprehenderem,
1513 2619 1573 2656 neu
1592 2601 1652 2658 idea
1665 2603 1757 2658 miuus

62 2672 103 2727 ud
113 2672 243 2728 malleum
264 2681 317 2730 etc.
338 2671 401 2728 ride
421 2681 516 2726 uotam
533 2670 739 2747 precedentem.
928 2670 991 2724 aliis
1003 2669 1111 2723 iulocis
1132 2687 1200 2743 saepe
1220 2670 1280 2744 ejus
1299 2671 1501 2742 redundantia,
1525 2685 1553 2730 et
1569 2669 1648 2750 jure,
1669 2687 1760 2753 puto,

285 2771 289 2784 ι
901 2759 904 2765 ·
928 2743 1239 2818 meritoque-offensus.
1259 2747 1326 2816 Quis
1356 2749 1431 2814 euim
1456 2763 1625 2830 concerpat
1646 2756 1759 2830 petius,

99 2819 142 2872 Aa
161 2833 225 2894 pag.
239 2816 448 2875 tironiense
469 2819 546 2874 luter
558 2835 700 2888 campense
711 2813 893 2890 interpretes,
929 2839 1012 2894 quam
1034 2831 1161 2887 excuset,
1177 2821 1350 2877 difficultatis
1369 2823 1486 2882 vitandae
1508 2830 1620 2900 gratia,
1645 2831 1676 2884 in
1695 2819 1761 2884 leu-

81 2913 126 2967 ag.
151 2895 373 2961 114.,eundem
405 2895 579 2950 nominamus
610 2891 788 2958 Fischerum,
814 2892 894 2964 cujus
931 2898 990 2971 gius
1001 2914 1031 2950 en
1041 2895 1220 2962 trahentem,
1246 2916 1325 2970 quae,
1350 2911 1456 2954 servata
1482 2902 1764 2970 brevitate‚etrecta'

60 2913 106 3024 lis
127 2968 158 3024 iu
177 2971 251 3024 netis
274 2971 369 3044 saepius
391 2970 495 3024 mentia
515 2970 643 3024 recurrit.
667 2971 693 3022 ls
718 2968 748 3021 in
768 2975 894 3041 poemate
930 2981 959 3027 et
977 2973 1137 3047 perspicue,
1158 2981 1186 3026 ct
1206 2977 1417 3046 congruentiore
1445 2996 1509 3030 cum
1535 2979 1683 3055 archetype
1713 2999 1761 3035 ra·

63 3047 115 3100 ille
126 3045 258 3100 vertendo
272 3062 400 3100 versuum
418 3045 515 3101 formis
529 3045 643 3106 ,nonnisi
665 3043 787 3117 antiquis
803 3051 893 3110 utens,
930 3051 1006 3102 tione
1021 3057 1127 3102 vertere
1140 3049 1246 3123 pessis?
1268 3051 1327 3118 Qua
1337 3051 1418 3124 culpa
1429 3093 1440 3120 ‚,
1462 3053 1521 3108 vide
1533 3094 1540 3120 ,
1551 3075 1586 3110 un
1598 3075 1632 3110 ne
1646 3057 1760 3112 initium

63 3131 97 3177 ut
116 3121 255 3194 insignem
280 3122 341 3196 ejus
360 3121 551 3198 rhythmorum
573 3121 733 3177 varietatem
754 3119 895 3191 aliquatc-
930 3123 1043 3200 quidem
1072 3126 1163 3178 Loisce
1183 3123 1276 3177 latinae
1295 3165 1302 3190 ,
1324 3123 1409 3180 mode'
1425 3139 1631 3199 memoratum,
1652 3149 1763 3205 prorsus.

64 3216 137 3265 uus,
156 3195 303 3273 Seyffertie
323 3197 434 3272 quidem
452 3198 569 3252 minime
586 3196 733 3272 probatura
746 3237 753 3262 ,
767 3194 894 3249 imiurc-
930 3219 1026 3256 vacare
1047 3200 1250 3267 existimemus,
1272 3200 1340 3268 ubi,
1360 3201 1420 3276 qum
1442 3203 1586 3262 Fischerus
1606 3208 1760 3278 tredecim,

66 3283 135 3341 tur,
156 3272 210 3326 alia
230 3272 413 3341 hexametris,
444 3273 499 3327 alia
529 3272 677 3339 distichis,
699 3289 785 3346 pauca
809 3271 908 3340 etiarn¹
930 3295 980 3350 ege
991 3275 1082 3330 miuus
1096 3275 1226 3330 undecim
1240 3276 1361 3332 versibus
1376 3279 1415 3334 sic
1437 3279 1557 3338 reddidi.

65 3347 156 3426 lyrico
175 3358 264 3403 metra
291 3349 434 3424 expressit.
459 3350 527 3406 'leta
556 3357 650 3404 autem
671 3346 817 3402 clarissimi
841 3347 894 3401 riri

67 3444 150 3500 epcra
166 3425 255 3498 qualis
267 3425 324 3492 sit,
342 3429 428 3498 quain
448 3424 494 3479 hic
513 3434 638 3480 accurate
654 3423 749 3478 decere
762 3440 816 3476 neu
827 3420 896 3496 lpln-
931 3420 1099 3478 sternuere
1120 3421 1178 3478 dure
1196 3423 1281 3480 medii
1296 3427 1423 3484 conclave
1446 3427 1492 3485 ubi
1514 3429 1580 3490 selis

67 3510 147 3568 scat,
172 3501 239 3554 satis
259 3498 391 3555 hahemus
414 3500 493 3574 ejus,
520 3510 553 3554 ut
575 3509 732 3554 caeterarum
757 3516 896 3568 compunta
933 3499 1095 3554 Umbrantes
1112 3499 1169 3553 lata
1189 3500 1256 3556 tiliae
1266 3501 1333 3556 dant
1348 3504 1452 3580 frigora
1469 3503 1590 3576 frende,
1661 3563 1663 3570 ,

67 3579 256 3650 interpretum
270 3617 278 3644 ,
298 3575 370 3631 loces
383 3576 531 3630 uouuulles
551 3576 623 3630 netis
643 3577 763 3630 inserere
776 3599 783 3640 ς
804 3573 897 3639 uude,
933 3575 1016 3628 Tecta
1036 3594 1117 3650 super
1131 3593 1253 3632 muscosa
1266 3579 1365 3653 apibus
1381 3579 1554 3658 zephyroque
1568 3603 1705 3658 susurre,

68 3663 164 3708 tetum
173 3670 255 3724 quarn
274 3653 312 3706 sit
320 3651 453 3707 schillero
463 3651 578 3724 dignum
589 3693 598 3720 ,
610 3651 704 3705 dectus
714 3652 800 3706 lactor
811 3691 819 3718 ,
831 3646 899 3723 qnia
934 3651 1012 3706 Festa
1034 3650 1190 3724 celebrabat
1209 3652 1286 3707 laetus
1298 3657 1422 3712 convivia
1438 3667 1509 3716 natae

70 3745 239 3802 magnopere
259 3725 397 3794 fallatur,
419 3728 554 3802 conjicere
566 3727 660 3802 possit.
675 3728 795 3782 Primam
812 3727 901 3801 igitur
936 3725 1071 3781 Candidus
1090 3727 1205 3780 aPratis
1217 3739 1328 3802 paster,
1348 3732 1416 3788 taena
1434 3743 1512 3808 pater
1533 3733 1626 3809 arnpla

71 3803 207 3860 carminis
221 3803 350 3878 stropheu
361 3803 471 3859 Fischer
480 3804 519 3859 sic
533 3803 670 3858 reddidit:
940 3802 1117 3875 Conspicuus.
1127 3805 1176 3856 Sex
1189 3844 1196 3870 ,
1208 3807 1329 3861 convivis
1351 3828 1418 3883 quas
1441 3809 1533 3866 servus
1544 3809 1697 3878 „honorem
1769 3877 1772 3882 ,

857 3923 864 3938 ,
937 3879 1023 3932 Luisae
1040 3878 1151 3943 natali,
1170 3879 1241 3933 clam
1257 3883 1577 3959 sculptastcxe'ratulva,¹
1623 3881 1628 3892 ⁴

69 3954 203 4012 Firmiter
223 3953 360 4022 interra,
382 3963 510 4010 cernente
531 3963 560 4032 et
583 3953 657 4009 calce
678 3951 769 4007 tenaci
900 4019 905 4026 .
938 3954 1051 4022 Mensa,
1070 3953 1160 4028 lapis,
1178 3957 1267 4010 cincta
1283 3969 1324 4011 est
1348 3961 1443 4030 sellis;
1463 3961 1631 4036 sedhraehin
1644 3965 1774 4042 pandens

111 4030 278 4086 Confirmata
292 4049 307 4098 ,⁴
319 4029 373 4086 luti
390 4029 510 4086 formula
530 4034 605 4086 co'cta
629 4028 714 4086 sedet.
938 4031 998 4084 Stat
1017 4029 1105 4104 major
1124 4030 1343 4091 domine.Nullis
1354 4046 1416 4111 post
1434 4036 1539 4094 fercula
1551 4040 1624 4094 euris

72 4111 129 4162 ilec
141 4107 252 4182 prodire
266 4107 310 4161 die
324 4106 406 4162 debet
419 4125 569 4182 campana,
586 4105 728 4172 ministri,
938 4107 1028 4180 Usque
1047 4104 1123 4160 sedet
1141 4107 1303 4184 variumque
1320 4131 1402 4168 senex
1412 4123 1560 4190 narratque
1576 4115 1730 4190 docetque,
1772 4175 1776 4184 ,

112 4185 164 4258 Eja
183 4201 255 4256 age,
273 4183 332 4256 jam
353 4191 474 4258 prorutas
493 4185 623 4238 associate
641 4181 756 4236 manus!
938 4183 1027 4257 Seque
1047 4182 1170 4256 aliosque
1189 4183 1301 4257 juvans.
1445 4185 1448 4192 '

18 4297 20 4308 .
75 4263 125 4314 Per
143 4257 346 4314 totsmiaciern
363 4258 469 4314 calidus
489 4258 560 4313 fluat
581 4258 680 4313 humer
700 4262 826 4332 eportet,
904 4319 907 4326 ‚
1772 4310 1776 4322 ‚

115 4335 311 4389 Commendare
322 4353 402 4388 suum
420 4334 522 4389 dehent
531 4335 552 4389 si
565 4333 639 4390 iacta
651 4335 811 4406 magistrum
826 4369 835 4398 ,
978 4326 1060 4382 Vides
1078 4325 1189 4394 lacurn,
1207 4327 1255 4383 uhi
1270 4367 1278 4396 ,
1298 4327 1332 4386 de
1343 4340 1424 4405 pecta
1437 4374 1445 4403 ,
1464 4334 1592 4408 mireris,
1605 4335 1681 4397 sellis
1693 4343 1728 4398 ab
1740 4362 1774 4400 ee

19 4449 21 4456 ι
77 4410 278 4485 Acoele,qum
295 4409 388 4466 fausta
408 4411 525 4480 cadant,
548 4410 748 4466 tamenemuia
772 4405 904 4484 pendent.
941 4421 1086 4469 mensam,
1107 4421 1161 4454 nou
1184 4405 1304 4458 consitis
1330 4409 1436 4481 petius,
1456 4413 1546 4486 quiin
1567 4413 1776 4488 hissedebant,

943 4478 1159 4545 circumdatam
1178 4479 1224 4534 scd
1239 4481 1330 4556 ,qued
1346 4481 1380 4536 ad
1400 4499 1525 4543 nestram
1538 4489 1774 4566 disputationem,

100 4559 152 4616 nbi
162 4556 304 4632 archetypi
315 4553 523 4631 festgemuert
531 4558 563 4612 iss
572 4559 624 4612 cler
633 4559 729 4612 Bedese
739 4555 812 4610 ultra
822 4556 907 4610 lrcxa·
943 4557 974 4610 in
995 4554 1118 4629 ejusdem
1139 4553 1192 4608 leci
1213 4565 1273 4610 octo
1285 4557 1407 4614 versibus
1420 4561 1494 4617 nihil
1512 4574 1561 4620 aut
1572 4568 1718 4626 minimum
1731 4573 1778 4631 vel

79 4645 202 4692 metrum
214 4633 371 4688 extenditur
381 4655 395 4699 ς’
409 4635 520 4706 qualem
540 4633 750 4688 redundantiam
773 4631 828 4686 alie
848 4632 908 4688 loce
944 4631 1045 4687 addens
1066 4629 1111 4684 vel
1129 4631 1260 4686 emittens
1278 4675 1285 4699 ,
1308 4649 1472 4710 sensumque
1491 4651 1619 4696 accurate
1640 4639 1777 4714 reddens,

79 4713 110 4766 iu
122 4707 645 4782 Fischereiuterpretepluribusrerhis
664 4709 836 4776 notavimus,
857 4727 909 4764 nce
945 4707 1083 4780 simulque
1101 4705 1246 4761 brevitatis
1267 4727 1394 4775 memor,
1417 4731 1472 4766 ueu
1492 4735 1602 4789 parvam
1625 4719 1777 4778 difficultn-
1873 4705 1880 4726 κ

80 4789 110 4842 iu
122 4785 322 4861 peetaseilicet
341 4784 442 4850 illam,
462 4793 491 4837 et
512 4784 705 4838 multominus
725 4784 755 4838 iu
769 4785 910 4859 iuterpre-
945 4793 1024 4848 tem,
1038 4799 1090 4836 uec
1110 4799 1165 4836 una
1189 4791 1300 4838 tautum
1320 4785 1351 4839 iu
1377 4797 1455 4860 parte
1476 4793 1646 4866 experiaris,
1669 4808 1698 4852 at
1717 4819 1779 4855 eos-

79 4873 128 4929 te,
151 4863 175 4916 si
198 4879 343 4916 nurerum
372 4869 401 4914 et
423 4857 571 4914 incitatum
597 4857 709 4932 frangat
741 4870 909 4935 gravetque,
951 4860 1014 4914 dem
1035 4859 1317 4914 sieuml'iseheread
1338 4861 1467 4918 undecim
1488 4869 1637 4938 extendas,
1658 4875 1785 4951 satisque

79 4937 348 4992 commendandam:
363 4955 424 5011 quas
442 4935 553 5010 quidem
564 4935 764 5004 redundantia,
787 4939 841 5008 (ut
853 4937 910 5002 hic,
951 4934 1050 4989 habeas
1072 4952 1121 5008 pre
1146 4936 1343 5010 Mittuqsstuhe
1363 4941 1470 4994 sedibus
1489 4949 1596 5016 apricis
1622 4947 1736 5022 dixisse,
1757 4960 1781 5012 ci

80 5015 215 5088 quoniam
238 5013 344 5086 aptiore
378 5012 437 5068 loca
463 5013 522 5086 jem
555 5031 610 5066 non
639 5012 817 5079 conceditur,
840 5013 914 5087 qued
949 5008 1781 5094 Schils'sessel,seelclrederHeuahaecht'geschns‘tutvertas

81 5107 171 5166 operae
196 5091 318 5165 pretium
337 5088 459 5158 ridetur,
481 5087 632 5156 addamus,
649 5085 658 5154 )
686 5087 730 5142 ubi
755 5090 846 5144 miuus
866 5097 915 5168 aut
953 5089 1037 5144 selles
1051 5089 1347 5161 ecceneeaculptes,
1364 5101 1453 5167 neque
1466 5113 1543 5152 cures
1555 5141 1562 5168 ,
1574 5099 1783 5198 sellesligncas,

1611 5185 1647 5232 '25
