3874 5726
585 1483 588 1492 *
701 1440 1151 1594 rodoldo.

119 2184 221 2263 lautu
246 2192 435 2267 neolalintm
463 2192 558 2268 hodie
579 2191 675 2284 vulgo
702 2202 899 2286 replentem,
945 2201 1032 2266 lione
1060 2194 1212 2281 soluisse,
1236 2193 1363 2266 lassor?
1386 2218 1433 2274 en,
1455 2192 1595 2286 aliquid,
1621 2217 1662 2268 an
1684 2202 1767 2266 oilsil

82 2288 98 2341 o
112 2285 214 2344 multis
226 2296 415 2348 contemtum
429 2295 555 2370 quoq'do
571 2289 756 2368 irrisomqoe
781 2287 898 2371 jecere,
912 2309 914 2314 ·
945 2287 1119 2364 effecerim,
1144 2289 1199 2348 atii
1212 2289 1361 2349 dirimant
1375 2307 1384 2357 3
1399 2307 1479 2366 quos
1487 2285 1678 2349 carminibus
1688 2283 1748 2348 illis
1760 2336 1769 2362 ,

80 2371 164 2448 nemo
178 2369 317 2446 i'grtoret.
341 2361 455 2445 Nolrisr,
480 2373 520 2432 de
540 2372 599 2432 hec
619 2392 676 2442 re,
695 2389 798 2450 noque
812 2389 900 2450 repe-
945 2389 1032 2430 nunc
1051 2372 1186 2452 primum
1201 2367 1417 2431 omuiboshoc
1436 2371 1596 2431 volumine
1609 2363 1768 2442 collectis,

81 2449 166 2508 tenda
190 2449 248 2508 hio
265 2461 338 2510 sunt
362 2472 433 2512 com
456 2456 491 2513 in
516 2453 752 2528 dissertatione,
774 2453 912 2514 tum'in·
945 2472 1048 2531 neque
1066 2453 1206 2514 versibus
1227 2462 1366 2528 tontum,
1392 2452 1445 2512 sed
1461 2455 1588 2512 omuino
1602 2453 1766 2512 indust-iu

78 2532 264 2590 cerruinihus
275 2523 712 2612 huiusroluminisnonnullis
723 2533 899 2613 disputato,
945 2548 1020 2595 meet
1033 2535 1066 2594 in
1087 2536 1172 2614 poesi
1188 2535 1345 2594 necletioa
1371 2534 1499 2594 colenda
1516 2543 1611 2613 utque
1631 2530 1768 2612 tuendo,

80 2624 174 2688 neque
196 2635 275 2673 vero
300 2616 360 2676 olio
394 2614 588 2699 adjiciendo,
613 2618 727 2696 qulbus
748 2617 898 2689 lectionem
946 2615 1052 2677 doctos
1072 2615 1370 2698 etaequoiudioes‚
1386 2617 1598 2696 inpraesentia
1621 2619 1767 2696 quidem,

77 2679 146 2753 lruic
158 2694 336 2757 litteier'om
351 2701 432 2778 pe'rti
453 2710 565 2779 sortem
580 2697 630 2760 ’vel
642 2699 827 2779 optandam,
848 2693 900 2759 rol
945 2702 1126 2777 optomsgis
1135 2731 1146 2774 t
1173 2719 1267 2777 quem
1279 2697 1392 2775 multos
1410 2719 1461 2758 mo
1480 2709 1646 2782 nacturum
1664 2717 1768 2778 spero.

80 2772 265 2854 eliquando,
295 2799 331 2839 oc
353 2783 441 2842 brevi
466 2772 596 2842 fortusse
618 2775 790 2842 redituram
810 2793 898 2853 esse,
947 2781 1064 2840 Nemet
1079 2782 1185 2842 doctos
1196 2781 1248 2841 hic
1262 2787 1532 2857 consenescente,
1554 2783 1580 2839 si
1594 2781 1774 2860 antiquiora
1818 2839 1820 2853 ,

83 2853 335 2922 demonstremus.
352 2864 488 2940 Etenim,
512 2873 542 2922 'et
555 2879 592 2924 'es
613 2877 668 2923 nos
678 2863 791 2923 dixisse
811 2871 901 2943 puto·
947 2873 1085 2942 tempure
1097 2863 1258 2934 conferes,
1277 2873 1446 2942 perpaucos
1465 2865 1614 2943 reperiri,
1635 2883 1685 2922 me
1706 2883 1772 2923 non

81 2947 159 3014 irtus,
178 2944 295 3020 quibos
307 2948 361 3022 qui
373 2956 436 3006 no'n
452 2954 612 3005 morentur
655 2945 902 3024 honosupervo·
947 2945 1049 3024 fugit,
1072 2955 1124 3023 et,
1144 2947 1367 3024 quosiduneos
1386 2946 1527 3005 doctrina
1549 2945 1711 3021 redderet,
1733 2965 1773 3004 ex

80 3023 204 3082 coneum
217 3026 415 3086 crederemus
426 3023 566 3107 pluribus
579 2991 711 3088 soluisse
721 3028 849 3104 docore;
868 3035 902 3086 et
948 3027 1016 3098 his>
1035 3028 1234 3088 metuendum
1249 3029 1342 3087 nimis
1353 3035 1399 3088 est
1409 3070 1418 3098 ,
1430 3041 1501 3088 cum
1518 3048 1603 3088 raros
1618 3022 1685 3086 iore
1697 3073 1703 3100 ,
1715 3028 1773 3105 qui

81 3118 149 3160 reru
173 3109 379 3184 quiestion'em
402 3129 438 3169 eo
459 3111 524 3169 lere
547 3110 711 3170 deductam
727 3109 910 3184 cernimus,
949 3109 1107 3170 necletina
1121 3111 1186 3170 sive
1206 3109 1266 3169 elio
1288 3112 1353 3170 sire
1363 3129 1431 3170 roeo
1444 3109 1639 3188 aliquantum
1651 3119 1772 3178 curent,

81 3183 132 3242 ‘ubi
153 3189 259 3248 minus
279 3185 345 3270 jum
372 3191 585 3252 disserendum
611 3193 710 3272 poesis
737 3189 902 3250 neolatiooe
950 3200 1018 3252 tum
1031 3205 1104 3252 'vero
1117 3193 1150 3249 in
1166 3191 1214 3250 his
1228 3192 1301 3270 ipsis
1321 3193 1537 3274 paucissimos,
1551 3211 1648 3270 quos,
1668 3191 1777 3250 doctos

80 3253 270 3347 lautorib'ds,
283 3279 375 3350 q'uom
388 3308 397 3346 ,
411 3283 446 3332 ot
459 3264 579 3333 eximiis
590 3272 709 3352 ingenii
720 3285 904 3332 monumen·
946 3275 1037 3354 juxte
1058 3272 1262 3352 indoctusque
1283 3289 1457 3354 occupans,
1473 3273 1598 3334 sinistre
1619 3273 1657 3332 de
1678 3272 1778 3352 poetis

81 3347 117 3405 lis
128 3349 264 3426 ditetur,
289 3351 548 3415 contendendum
563 3372 627 3415 csse
641 3353 793 3414 videatur.
816 3353 905 3428 Quod
951 3350 1616 3438 neolatinisexistimetiooequosjudiecsesse
1628 3357 1778 3436 potietur.

80 3429 298 3509 odiirmaules,
313 3435 441 3500 minime
464 3438 591 3517 quidem
605 3437 764 3510 volumus,
780 3435 905 3515 egregia
950 3439 1018 3512 Quo
1025 3439 1272 3518 justiuseutem,
1295 3439 1387 3499 talem
1401 3439 1563 3498 conatibus
1574 3440 1649 3498 meis
1662 3441 1778 3496 sortem

81 3511 125 3570 illi
137 3525 334 3579 nostro-eote
355 3529 491 3601 tempora
510 3519 645 3580 defuisse
656 3541 663 3591 ;
676 3519 728 3578 sed
746 3519 787 3580 cd
800 3527 907 3580 setos-
953 3521 1135 3580 etiamnunc
1143 3520 1502 3600 propositomtougurom
1513 3521 1780 3604 eomogisest,cur

82 3591 156 3656 lioro
166 3643 175 3672 ‚
200 3601 319 3678 quibos
337 3608 393 3682 'per
408 3602 527 3681 aliquot
542 3601 650 3662 officula
663 3588 767 3661 lloruit
779 3647 788 3677 ,
801 3621 903 3672 noro,
953 3600 1041 3664 leeter
1062 3604 1212 3684 propitios
1239 3611 1341 3663 tomen
1363 3601 1426 3661 illis
1444 3603 1674 3682 prudentesque
1696 3602 1781 3662 csti-

80 3687 176 3754 'eoqoe
190 3679 340 3761 inprimis
367 3684 508 3744 addendo
529 3685 758 3756 existimomus,
770 3684 902 3762 quibus,
954 3695 1106 3758 maiores,
1119 3705 1156 3745 oc
1178 3705 1218 3746 no
1237 3685 1365 3766 publice
1379 3685 1506 3763 quidem
1525 3705 1650 3764 prorsus
1666 3680 1784 3744 deluis·

82 3761 254 3836 aptioribus
271 3764 416 3824 videlicet
427 3763 656 3826 neolatiuorom
667 3781 738 3824 cum
754 3767 910 3826 recentio—
956 3775 1007 3846 ιιι
1022 3769 1194 3846 lnterqoos
1208 3768 1337 3828 honoris
1357 3783 1449 3826 causo
1468 3755 1523 3825 hic
1543 3787 1604 3847 pree
1619 3767 1688 3828 aliis
1709 3785 1784 3843 gra-

81 3841 342 3924 ‘rumling'ueruni
353 3847 546 3928 principibus
557 3850 655 3929 poetis
664 3848 905 3926 comparationii
956 3858 1052 3929 toque
1072 3851 1176 3910 auimo
1198 3849 1381 3910 nominandi
1395 3894 1404 3924 ,
1418 3847 1533 3908 clariss.
1547 3850 1622 3924 riri,
1643 3847 1738 3908 Jacob
1753 3853 1787 3905 el:

80 3909 148 3980 illos
163 3925 327 3988 immerito
343 3939 481 4009 spretos,
496 3937 711 4010 quantumque
732 3931 841 4010 liugos
861 3929 911 3988 lo·
957 3933 1163 3994 Friedemsnu
1179 3977 1187 4007 ,
1206 3933 1260 3992 ille
1274 3931 1477 4010 scriptionum
1499 3930 1618 4011 aliquot
1641 3946 1783 4015 meorum

80 4003 144 4066 lina
168 4009 270 4087 possit
279 4055 289 4085 ,
311 4000 447 4072 lucidius
478 4012 663 4092 pleniusque
688 4011 844 4093 adporeot.
867 4010 911 4070 llo
959 4017 994 4077 in
1015 4014 1215 4094 ephemeride
1248 4013 1400 4074 litterario
1429 4032 1561 4087 censor,
1586 4007 1640 4072 hie
1660 4013 1722 4071 suis
1751 4012 1788 4070 in

80 4090 295 4170 seroipsotn,
311 4091 423 4154 eximin
442 4097 752 4172 otiqoerertentem,
771 4093 914 4154 tellude-
961 4098 1107 4178 operibus
1134 4098 1285 4178 propositi
1315 4097 1374 4156 mei
1406 4095 1603 4174 lebetisque,
1628 4115 1691 4154 non
1721 4094 1790 4152 sine

81 4165 160 4228 disse
169 4192 257 4246 ,nec
280 4182 344 4234 tom
360 4177 420 4236 mei
431 4185 551 4236 ametor
565 4175 684 4256 ingenii
695 4185 829 4247 sumtot
841 4184 915 4236 o'on·
961 4178 1186 4241 benevolentis
1218 4179 1471 4259 significatione,
1506 4175 1658 4238 laudetur.
1701 4176 1790 4236 Tales

80 4241 176 4312 iidere
187 4297 195 4326 ‚
208 4264 245 4315 ut
257 4259 408 4338 ‘suspicati
422 4260 538 4334 ausim,
549 4270 653 4338 'nequo
665 4261 742 4320 odeo
752 4258 913 4334 ridiculus,
962 4263 1041 4324 adeo
1066 4261 1203 4321 fautores
1212 4309 1221 4338 ‚
1244 4261 1417 4340 quemlibet
1440 4261 1530 4340 pauci
1546 4303 1554 4332 ‚
1578 4281 1627 4320 me
1652 4255 1793 4317 solentur

81 4339 136 4404 ot,
149 4338 174 4392 si
186 4327 309 4409 susim,
325 4341 468 4402 mihimet
480 4341 541 4400 hoc
553 4341 773 4402 d'e'elctondom
785 4342 920 4402 arbitra·
966 4347 1152 4422 erigcutque
1176 4345 1353 4404 audientem
1382 4351 1527 4402 consueta
1548 4342 1603 4402 illa
1626 4339 1793 4400 necletiuis

80 4415 211 4477 'reuse'd
221 4427 371 4482 conatum
383 4429 488 4483 temen
498 4443 547 4482 me
560 4441 634 4500 esse.
645 4423 921 4503 oorrcrearprofl·
967 4429 1144 4489 occinentes
1157 4438 1166 4485 t
1182 4425 1260 4506 quid
1275 4425 1379 4486 stolidi
1390 4424 1478 4484 littus
1499 4426 1614 4484 erutisl
1629 4423 1684 4481 Cui
1703 4425 1796 4482 viro-
1849 4439 1854 4448 ·

80 4491 420 4578 lerimdeoneurldeo,
428 4513 576 4568 oteontie
586 4507 829 4568 erubescendum
841 4505 922 4564 mihi
967 4518 1040 4571 sitm
1056 4508 1194 4570 sudotisl
1216 4509 1428 4582 Quodmiseri
1448 4507 1613 4587 proemium
1629 4526 1645 4563 o
1663 4505 1794 4564 mortuis

84 4571 257 4656 ducerem,
275 4583 301 4644 sl
314 4582 400 4646 n'ollo
414 4589 489 4648 sotis
508 4587 606 4666 digno
620 4588 735 4648 loboris
747 4589 921 4668 proposito,
973 4593 1180 4670 exspectetis?
1210 4591 1367 4652 Postremo
1393 4590 1547 4667 denique,
1572 4590 1595 4647 si
1618 4605 1710 4646 nemu
1723 4585 1796 4668 ,jum

82 4651 459 4750 nulteresuecesmsspe,
471 4675 583 4750 peitot
597 4687 694 4730 annos
704 4672 804 4751 poesis
817 4670 922 4730 latine
971 4673 1125 4734 defensor.
1139 4682 1280 4752 superet,
1308 4693 1358 4738 mo
1379 4671 1565 4734 conscientia
1578 4717 1587 4746 ‚
1614 4671 1726 4730 intima
1749 4689 1799 4728 rue

87 4745 187 4804 studio
214 4750 496 4831 carminibusque,
518 4762 549 4812 et
567 4751 871 4813 aliorumrestondis
892 4761 924 4814 et
971 4757 1148 4838 persuasio,
1178 4757 1223 4822 rei
1256 4775 1313 4814 neo
1351 4755 1427 4824 levis
1460 4755 1588 4816 otunino
1618 4754 1650 4813 in
1684 4751 1799 4811 litteris

86 4829 221 4906 propriis
237 4835 488 4914 componendis,
508 4833 681 4915 plurimum
693 4835 840 4918 temporis
852 4854 926 4897 con·
972 4841 1135 4909 momenti,
1162 4847 1193 4898 et
1214 4837 1379 4918 pulchrum
1399 4839 1531 4914 amentis
1553 4835 1655 4896 studio
1683 4833 1803 4912 diguis-

87 4926 269 4973 ⁸0⁰ffl⁸⁵0m·
973 4922 1059 4982 simo}
1067 4965 1075 4998 ,
1090 4921 1303 5000 patrocinium
1316 4933 1334 4980 a·
1349 4939 1398 4980 me
1411 4925 1587 5000 susceptum
1601 4935 1666 4978 esse
1679 4963 1688 4996 ,
1712 4927 1803 5002 tueo-

127 4989 1058 5080 ffimmmmmmmffimmmfflmtm.
1637 5003 1654 5030 ¹
1752 5011 1755 5018 '

120 5072 127 5084 Ι
197 5078 205 5091 ι
1545 5073 1552 5084 ¹¹

86 5079 182 5138 suam
195 5097 231 5138 ιιι
246 5080 382 5162 propriis
396 5083 514 5145 sincero
534 5089 566 5146 et
586 5083 694 5165 poesin
714 5083 844 5147 decente
859 5081 928 5164 dic:
990 5085 1200 5173 'Quanquam
1222 5083 1263 5148 de
1282 5084 1451 5148 lectoribus
1471 5091 1525 5148 eut
1544 5059 1650 5163 paucis
1665 5090 1719 5144 aut
1733 5078 1808 5139 uul-
