3868 5712
968 263 1029 354 rte

878 396 882 406 ’
966 401 971 410 ’
1042 387 1223 486 quantaq‘rc,
1234 385 1273 468 ¹in
1296 385 1468 488 ipertisslma
1481 413 1625 492 archetypi
1637 419 1794 489 sententia,
1809 439 1875 498 per-

1047 487 1205 546 sicuitate'
1228 490 1460 557 commendetur,
1489 491 1626 560 intuens,
1655 495 1784 551 criticum
1810 499 1875 553 aliia

1047 507 1246 620 obscuritatem
1267 573 1295 618 et
1322 567 1527 641 compositionis
1552 569 1702 626 ruditatem
1720 571 1877 630 lutulenta-

1046 657 1100 712 qne
1121 639 1298 715 objicientem
1321 642 1432 698 mirare.
1453 642 1552 712 Adde,
1573 645 1595 698 si
1617 645 1680 715 ris,
1700 647 1794 702 locum
1811 667 1818 700 a
1837 654 1876 704 ti-

1042 719 1150 771 ronium
1169 729 1267 776 contra
1290 748 1324 760 -
1347 721 1527 778 sermono?
1547 719 1732 799 asepiiertm
1751 723 1877 782 versibus

1044 809 1111 846 saue
1124 811 1257 872 perquam
1276 794 1384 848 canoris
1402 794 1563 852 redditum:

249 367 406 430 letantibus
423 394 490 451 sper
503 379 593 443 etsta
606 383 637 440 ai
695 410 698 420 ·
741 417 745 424 ·

177 443 320 520 staretque
340 449 569 514 mendicantibus.
583 461 652 522 Puer
665 481 714 540 ege
727 464 792 532 dana
823 511 825 518 .

251 523 305 577 viae
327 527 587 604 ragabaruescius,
647 598 651 604 ,

176 595 292 652 limante
314 602 399 656 solem
420 604 526 662 lumine
545 611 664 684 tuebar,
683 637 773 674 meam

175 745 176 750 Ἰ
238 676 341 756 ιδιιριι
364 681 444 752 quasi
461 681 533 740 foret
549 685 663 745 audieus

175 747 259 805 Auris
273 754 435 836 querelam,
455 761 532 832 quasi
554 781 621 831 cor,
643 765 768 839 adflicti,
784 776 818 827 ut
835 789 945 843 meum,

200 898 206 910 .
250 825 381 884 Miserere
395 833 467 904 quod
478 833 597 892 hominis
613 854 706 908 queat.

174 900 315 956 Titaniarn
327 915 421 960 contra
435 913 600 982 proterviam
613 919 683 973 mihi
752 917 757 932 ⁸

151 1043 155 1048 Ι
254 977 321 1046 Quis
341 979 455 1038 adfuit?
476 987 543 1056 Quis
568 1002 657 1056 mom
676 1013 721 1052 mg
1040 983 1129 1038 Frena
1141 982 1240 1039 cervici
1252 1002 1352 1040 manos
1368 985 1508 1060 expedivit

173 1055 231 1112 Aut
250 1057 382 1111 servitute
400 1059 574 1122 vindicarit?
594 1069 695 1124 Omnia
1043 1059 1136 1132 E⁰q¹¹⁸
1148 1061 1302 1116 Titanum?
1320 1079 1417 1116 mamm
1427 1081 1511 1136 ecqua
1527 1060 1614 1120 bium

250 1132 355 1186 Ardm
373 1152 472 1210 nempe
490 1146 523 1194 ,u
543 1159 617 1198 wo
821 1173 824 1182 ,
1037 1135 1124 1211 Rupit
1142 1144 1172 1188 et
1192 1135 1282 1192 vinclo
1303 1155 1366 1192 mea
1389 1139 1528 1194 servitutis

176 1209 228 1286 ,Gor
241 1210 422 1282 perpetrasti,
444 1213 600 1284 vindicem,
620 1217 722 1290 jurene
742 1229 771 1276 et
789 1221 914 1294 bonnm,
1153 1211 1228 1268 eolla
1248 1211 1390 1268 redemit?

116 1296 119 1306 '
250 1284 339 1338 Nubes
358 1303 439 1360 supra
458 1289 524 1347 dum
544 1290 657 1348 fervidis
938 1319 941 1328 ·

172 1362 275 1414 Lusum
295 1357 397 1434 fatigas
417 1363 599 1422 dormientem
619 1366 724 1442 gratiis.

251 1437 324 1490 Tene
340 1455 390 1510 ego
403 1439 514 1498 colam?
537 1446 614 1502 Cur?
635 1451 779 1520 lacrymas

173 1513 337 1586 Unquamne
348 1533 448 1587 pacans
470 1517 592 1590 erigebas
610 1522 748 1578 anxium?

252 1591 412 1662 Unquamue
429 1591 534 1648 lenibat
554 1598 635 1653 malis

174 1663 269 1717 Pressa
282 1662 423 1718 dolorem?
438 1669 532 1724 Nonne
552 1690 596 1728 rne
615 1677 790 1748 omniparens
809 1673 900 1732 virum

251 1739 331 1793 Cadit
343 1741 419 1808 dies,
440 1754 593 1820 aeternaque

173 1814 258 1881 Fati,
281 1815 351 1869 mihi
370 1816 476 1893 tibique
497 1823 656 1895 imperans,
676 1825 821 1900 potentia?

251 1891 321 1946 Neve
341 1892 412 1946 milri
432 1896 493 1949 ritae
517 1899 629 1953 taedium

176 1967 245 2020 Fore
258 2007 265 2033 ,
282 1985 336 2022 neu
357 1979 437 2042 putes
449 1971 479 2026 iu
492 1983 588 2054 tesqua
599 1973 756 2048 fugiturum
767 2001 775 2044 ς
797 1975 863 2050 quia

251 2044 308 2096 Non
329 2045 428 2118 cuique
446 2045 553 2106 fruetus
568 2052 672 2106 somnio

176 2117 336 2174 Maturnere
348 2119 358 2161 ?
378 2124 507 2178 Homines
519 2169 526 2194 ,
542 2127 619 2180 sedec
632 2169 639 2194 ,
660 2123 750 2182 riden'
761 2145 772 2182 a
784 2125 832 2181 hie
843 2143 934 2180 meam

174 2237 179 2244 .
255 2195 298 2250 Ad
308 2196 459 2270 imaginem
478 2199 617 2268 formans,
643 2221 748 2276 genus,

177 2268 261 2326 Fleus
274 2272 365 2326 simile
385 2275 549 2352 patiensque
562 2277 650 2347 mihi,
665 2279 746 2352 quod,
756 2278 850 2335 latum
865 2285 892 2330 et
905 2274 1000 2330 dolans

170 2397 175 2406 ,
254 2349 380 2419 Numen,
402 2359 434 2404 ut
456 2365 650 2428 ego,speruat
669 2365 761 2414 tunm.

1002 1457 1004 1464 ,
1078 1403 1162 1469 Quae,
1176 1399 1355 1475 prioreparte
1366 1399 1479 1474 obscnra
1493 1445 1501 1470 ,
1515 1403 1537 1457 si
1558 1402 1717 1478 germanice
1737 1407 1865 1476 congruis

1039 1475 1130 1534 verbis
1158 1484 1287 1550 recteque
1318 1483 1458 1547 verteres,
1483 1497 1582 1556 nempe
1602 1479 1813 1536 remotissimum
1833 1482 1865 1536 ab

1035 1550 1183 1626 'archetgpi
1203 1552 1381 1626 simplicitate
1394 1551 1517 1611 haberes.
1542 1554 1630 1628 Atqui
1652 1553 1726 1610 idern
1737 1555 1871 1629 Seyffert,

958 1643 961 1654 ⁹
1042 1627 1072 1683 iu
1084 1629 1262 1702 praefatione,
1282 1638 1427 1704 postquam
1440 1629 1469 1684 iu
1493 1631 1561 1685 meis
1576 1651 1671 1686 vocem
1689 1633 1871 1706 Moidronqlr,

1041 1711 1185 1778 postquam
1197 1723 1248 1757 noo
1260 1706 1392 1758 tentanda
1402 1714 1542 1760 tentantes
1556 1705 1746 1782 reprehendit,
1759 1709 1873 1775 Goetiiei,

1043 1797 1102 1854 quae
1125 1778 1212 1832 latine
1235 1781 1354 1834 vertenti
1377 1781 1532 1852 gratissima
1563 1783 1622 1849 sit,
1644 1802 1706 1842 eum
1734 1785 1873 1838 veteribus

1044 1855 1147 1910 meotis
1167 1856 1353 1929 sermonisque
1373 1856 1586 1916 similitudinem
1607 1877 1669 1914 cum
1690 1857 1872 1916 admiratione

1044 1930 1214 2008 praedieans,
1234 1933 1316 2005 longe
1341 1934 1425 1986 oliam
1444 1954 1503 1992 rem
1522 1953 1598 1990 esse.
1625 1935 1665 1987 ait
1676 1975 1683 2002 ‚
1696 1936 1874 2002 carminum,

1046 2025 1105 2080 quae
1117 2005 1248 2061 orationis
1262 2027 1324 2062 eum
1336 2007 1456 2062 habeant
1471 2030 1486 2061 a
1496 2011 1612 2064 colorem
1628 2052 1636 2077 ,
1655 2009 1735 2083 eujus
1748 2010 1873 2066 ioadlec-

1047 2091 1136 2139 tetam
1155 2081 1381 2156 simplicitatem,
1403 2095 1435 2138 nt
1455 2094 1513 2140 tota
1534 2079 1659 2160 expressa
1681 2095 1723 2139 est
1742 2085 1777 2140 ad
1799 2089 1872 2142 anti·

1049 2159 1167 2232 quitatis
1186 2178 1310 2214 normam
1337 2201 1345 2226 ,
1366 2161 1405 2214 ita
1428 2160 1551 2234 antiquis
1569 2161 1661 2218 verbis
1683 2159 1768 2215 facile
1789 2163 1872 2235 possis

1048 2243 1077 2287 et
1099 2244 1163 2308 apte
1186 2235 1308 2291 reddere.
1330 2238 1363 2294 Io
1384 2255 1437 2314 qno
1458 2256 1557 2309 genere
1574 2237 1634 2310 quis
1658 2244 1714 2304 est,
1737 2237 1873 2292 Goetlaium

1002 2313 1011 2344 ’
1048 2311 1096 2384 qui
1109 2319 1192 2384 neget
1214 2331 1300 2368 uuum
1319 2312 1442 2366 omnium
1464 2313 1582 2368 maxime
1602 2312 1758 2367 excellere?
1779 2316 1872 2386 ltaque

1049 2406 1081 2440 ex
1094 2385 1146 2440 hoc
1167 2407 1226 2460 quae
1250 2396 1314 2440 suut
1334 2406 1349 2440 a
1370 2387 1448 2442 uobis
1467 2389 1621 2453 translata,
1640 2407 1697 2440 non
1715 2387 1873 2444 dubitamus

219 2497 268 2552 llis
288 2499 421 2572 quomodo
441 2509 469 2553 ct
480 2502 589 2571 verbis,
611 2513 640 2558 et
659 2512 747 2558 metro
759 2500 935 2574 numerisque
946 2519 1013 2558 eon·
1048 2464 1079 2552 in
1098 2481 1146 2516 δυο
1170 2461 1296 2536 qu⁰dque
1316 2479 1415 2535 genere
1447 2483 1496 2538 pm
1526 2462 1734 2539 Perfectiffiimis
1754 2463 1872 2530 habere‘

184 2575 279 2628 reiciat
300 2577 506 2647 germanicum,
525 2589 663 2654 exparte,
686 2579 730 2632 cui
754 2587 862 2642 nostra,
879 2575 1013 2652 usquead
1048 2559 1080 2628 ¹¹}
1101 2539 1200 2612 qu¹b¹¹⁵
1219 2538 1292 2612 qumi
1310 2547 1351 2592 “t
1369 2558 1432 2594 vm
1458 2539 1583 2595 dmum
1603 2549 1631 2593 οἳ
1649 2559 1792 2594 mmmmm
1815 2559 1874 2596 ω’

404 2657 411 2670 .
682 2655 689 2666 .
739 2653 770 2708 Π.
1050 2635 1148 2681 ιιιιιιιι,
1167 2634 1283 2688 quornm
1296 2615 1440 2701 ingenium
1457 2634 1513 2670 oon
1532 2615 1660 2702 abhorret
1678 2633 1695 2668 a
1715 2635 1801 2680 musa,
1814 2635 1874 2702 euru

180 2663 274 2718 punem
284 2669 464 2724 pauperem,
475 2655 661 2732 respondent,
679 2663 738 2710 rote
763 2672 808 2728 rga
826 2673 836 2712 t
1052 2691 1147 2766 quasis
1158 2690 1254 2763 lingua
1265 2690 1400 2758 cultiore,
1421 2700 1483 2744 tum
1504 2701 1618 2765 antiqua
1637 2690 1774 2745 reddendo
1784 2690 1876 2745 felici·

971 2769 976 2778 '
1051 2779 1097 2822 ter
1115 2767 1199 2820 liccat
1222 2767 1338 2840 assequi.
1353 2787 1368 2820 ιι
1381 2769 1428 2820 llis
1443 2769 1523 2841 qranlo
1543 2776 1604 2842 post
1616 2809 1623 2835 ,
1637 2766 1801 2821 Sobillerum
1815 2787 1876 2820 euni

203 2884 208 2892 ·
224 2845 347 2903 Bedeelre
361 2845 461 2903 deioen
474 2847 594 2908 Himrnel
625 2853 710 2922 Zeus,
1054 2842 1163 2898 Guctheo
1180 2861 1358 2915 comparans,
1378 2842 1456 2898 addit
1472 2864 1505 2899 :a
1521 2843 1657 2915 religiosis
1678 2842 1760 2896 licuit
1778 2843 1873 2896 esseio

221 2923 276 2978 mir
292 2924 514 2994 Wollreudunst‚
607 2894 614 2922 ²
1054 2919 1180 2984 aethio,
1200 2920 1233 2980 io¹
1253 2937 1306 2992 quo
1328 2937 1396 2992 saepe
1416 2929 1444 2972 et
1461 2928 1557 2992 sponte
1578 2937 1605 2972 se
1625 2917 1784 2972 obtuleruut
1798 2961 1806 2982 ,
1819 2939 1877 2991 quau

222 3000 284 3056 Uod
304 3000 357 3054 iibe
379 3001 439 3055 dem
463 3003 578 3060 Koabeu
599 3003 710 3078 gleicb,
1056 2997 1155 3068 cuique
1177 2994 1236 3048 loeo
1258 2997 1437 3048 conuenirent
1447 3014 1503 3048 nou
1519 2995 1630 3068 quaesite
1643 3035 1651 3061 ,
1665 2994 1724 3047 etsi
1737 2994 1878 3066 querenda

224 3075 282 3130 Iler
301 3077 413 3130 Disteln
433 3077 538 3154 iroepi't,
1057 3081 1169 3139 essent,
1191 3090 1243 3144 quo
1264 3069 1320 3124 hae
1333 3071 1483 3124 certissimo
1504 3069 1583 3124 modo
1601 3069 1791 3124 invenirentur
1803 3111 1811 3138 ,
1824 3090 1879 3123 uon

177 3171 178 3176 ¹
223 3158 267 3207 An
287 3151 388 3206 Eieheu
408 3153 472 3207 dich
496 3155 554 3209 und
575 3154 778 3230 aergeshehn,
1056 3148 1150 3202 latuit.
1181 3167 1195 3200 o
1219 3146 1370 3217 sicigitur
1399 3147 1531 3200 sentienti
1551 3163 1642 3200 nerine
1668 3145 1709 3199 nil
1735 3145 1830 3218 prius,
1850 3147 1881 3199 in

225 3227 314 3281 mussa
327 3229 380 3282 mir
401 3230 492 3284 maine
512 3231 581 3287 Erde
685 3286 689 3294 ¹
1058 3225 1219 3284 Prometheo
1243 3223 1391 3290 vertendo,
1420 3220 1547 3278 futurum
1568 3222 1692 3288 diceres,
1711 3240 1812 3294 qoam,
1833 3231 1883 3289 nt,

172 3319 181 3332 ·’
226 3301 404 3358 Dochlassen
419 3305 518 3375 stelin,
1059 3301 1092 3366 de
1114 3298 1222 3354 Goetlreo
1250 3307 1328 3370 poeta
1349 3317 1376 3352 se
1398 3297 1540 3352 verissime
1563 3297 1750 3362 existimasse,
1771 3317 1800 3350 re
1817 3317 1883 3370 pro-

193 3393 194 3400 *
227 3378 390 3434 Uudmeinc
402 3385 487 3436 Hiitte
502 3424 511 3449 ,
526 3381 571 3436 die
585 3380 622 3438 du
640 3378 849 3460 nicbtgebaut,
1059 3375 1138 3430 barat
1158 3379 1171 3430 'i
1190 3373 1276 3446 Atqui
1296 3373 1389 3440 rides,
1403 3374 1520 3428 eundern
1535 3373 1675 3430 homiuem
1687 3373 1722 3426 ab
1737 3372 1880 3448 archetypi

178 3463 182 3468 '
227 3454 529 3530 Undmeinenlleerd,
1060 3451 1282 3524 simplicissimo,
1307 3449 1363 3502 imo
1385 3449 1494 3524 plebejo
1525 3467 1599 3522 preire
1625 3449 1655 3502 iu
1679 3449 1842 3514 nonnuliis,
1861 3449 1883 3502 si

227 3532 279 3584 Um
292 3531 388 3586 dessen
400 3531 485 3587 Glutla
749 3591 752 3596 ,
1060 3527 1141 3582 rerba
1161 3527 1299 3591 aestimas,
1324 3543 1471 3592 seramus,
1494 3525 1560 3581 adeo
1588 3525 1709 3590 abiisse,
1729 3533 1761 3579 ut
1780 3525 1883 3578 nodum

229 3607 276 3661 Du
288 3605 363 3668 mich
374 3607 530 3666 beueidest.
720 3635 724 3642 ·
1061 3602 1263 3675 candidumque
1281 3600 1374 3656 sucoso
1386 3643 1393 3668 ,
1405 3592 1579 3676 perspicn'nm
1596 3600 1709 3664 obscure
1725 3599 1885 3656 reddiderit.

1062 3677 1135 3756 Quid
1154 3677 1232 3746 hino,
1251 3677 1445 3750 nisi'rigiduna
1463 3695 1603 3734 censorem
1622 3695 1654 3733 ea
1674 3677 1739 3736 aliis
1746 3676 1885 3749 jar-tasse,

232 3769 382 3826 Mauritius
401 3767 536 3845 Seyffert,
559 3784 652 3841 quem,
667 3770 810 3838 pag-160,
821 3761 938 3822 rivalem
954 3750 1024 3810 mihi
1062 3774 1136 3829 qnae,
1153 3755 1176 3815 si
1195 3773 1257 3810 vere
1286 3754 1399 3806 sensisse
1420 3753 1683 3838 concedamqueea
1706 3751 1886 3838 maniiestunr

193 3866 387 3920 censoremque
410 3865 466 3900 noo
485 3843 568 3901 nimis
585 3843 677 3896 lenem
700 3839 846 3912 contigisse
868 3839 942 3912 dixi,
966 3848 1025 3906 quw
1063 3832 1117 3900 tit,
1133 3832 1224 3908 ipsum
1244 3829 1543 3902 minimepraeslilisse?
1555 3831 1690 3914 Ntmttum
1703 3837 1752 3886 ont
1764 3828 1887 3916 ‘illigen-

178 3917 376 4000 ''iambisego,
400 3919 505 3976 duabus
526 3915 649 3996 strophis
670 3915 807 4000 sapphicis
821 3915 860 3974 sic
871 3910 1024 3994 apagite
1061 3908 1135 3995 tiam
1160 3925 1273 3994 sosarmo·
1295 3905 1419 3992 volenti,
1450 3913 1499 3959 ant
1527 3923 1588 3971 eam
1616 3905 1717 3977 longua
1744 3923 1887 3977 possisque

678 3991 681 3998 ⁴
910 3995 911 4000 ’
1060 3983 1156 4040 latinae
1178 3993 1321 4038 scieotram
1346 3979 1488 4048 defuisse,
1510 3979 1667 4046 fateamur,
1695 3996 1806 4036 neeesse
1825 3989 1887 4045 est,

194 4077 265 4134 Cela
285 4073 410 4130 subtexat
426 4069 558 4130 nebulosa
570 4069 664 4135 fumo,
1063 4080 1115 4134 qua
1138 4059 1241 4119 Goetbei
1263 4056 1419 4119 mirabilem
1444 4056 1524 4115 iilam
1545 4076 1607 4110 cum
1626 4054 1765 4112 veteribus
1786 4057 1887 4109 sirnilr'-

195 4153 314 4210 carduos
328 4149 460 4222 frangens
478 4125 547 4222 puer
566 4156 595 4201 et
615 4125 724 4216 ῐιιῆιι,
1063 4138 1190 4191 tudinem
1220 4134 1354 4208 quomodo
1385 4132 1514 4206 congruis
1533 4132 1622 4186 verbis
1643 4131 1886 4204 locutionibusque

195 4233 327 4306 Jupiter,
346 4243 462 4302 quercus
481 4223 622 4297 jaculatus
640 4215 711 4296 igne'
727 4228 756 4274 et
871 4248 875 4291 q
1063 4213 1199 4279 redderet,
1209 4209 1389 4265 intellexisset
1403 4227 1479 4282 aquae
1498 4209 1612 4294 scientia
1634 4209 1657 4260 si
1677 4225 1739 4293 sepe
1757 4207 1885 4293 ¹Seyffer-

266 4303 360 4360 Ardua
377 4301 498 4370 montis5
582 4294 596 4324 ‘
1063 4291 1104 4344 rio
1119 4288 1237 4355 fuisset,
1254 4305 1310 4340 nun
1333 4286 1445 4354 mireris,
1469 4282 1887 4358 quamrnGoetbe1,ruSebrl-

705 4419 707 4424 ,
1065 4364 1136 4432 ieri,
1158 4383 1224 4438 quos
1248 4361 1328 4416 vertit
1347 4403 1355 4426 ,
1378 4360 1518 4426 versibus,
1538 4369 1674 4434 qnantum
1698 4359 1822 4425 valeret,
1844 4379 1887 4412 os-

192 4451 290 4508 Nostra
303 4467 359 4504 non
373 4446 480 4513 tellas,
502 4438 784 4506 casanoatranutte,
993 4497 998 4508 ,
1063 4442 1174 4494 tendere
1188 4439 1334 4513 potuissetq
1353 4437 1400 4492 ubi
1423 4437 1540 4507 pariter,
1560 4435 1670 4508 qualem
1694 4453 1722 4488 se
1743 4433 1888 4506 praebuerit

194 4525 275 4594 Quod
286 4534 366 4580 tuum
381 4543 436 4577 uon
458 4529 500 4576 est
513 4538 584 4594 opus
601 4518 668 4573 artis
684 4557 693 4586 ,
711 4517 792 4574 almae
1063 4517 1263 4590 interpretem,
1283 4512 1346 4568 aliis
1368 4511 1436 4572 locis
1463 4511 1716 4598 animadvertimus.
1731 4514 1887 4596 litatorum,

193 4600 440 4667 flectibiilammae
458 4596 536 4654 loeus
554 4592 692 4652 inridenti
1062 4594 1223 4648 Prometheo
1246 4589 1343 4645 iambis
1373 4589 1434 4656 ita,
1456 4597 1489 4642 nt
1516 4607 1572 4640 noo
1599 4587 1683 4640 nimis
1711 4585 1887 4659 displiceret,

270 4677 392 4734 vincitur
412 4676 481 4732 ictu.
544 4685 547 4690 '
996 4725 1002 4739 ,
1062 4687 1204 4742 expresso,
1226 4673 1343 4724 eundem
1362 4664 1491 4739 sapphica
1510 4661 1620 4737 strophe
1640 4670 1749 4716 tentare
1759 4662 1877 4736 placuit,

1061 4745 1138 4820 quin,
1150 4745 1178 4800 io
1189 4741 1449 4820 metrodiffieiliore,
1457 4739 1591 4814 longiusa
1604 4737 1885 4810 germanicosireseu-

233 4847 286 4906 ubi
304 4845 335 4900 in
373 4841 446 4896 piore
468 4833 578 4910 strophe
595 4829 681 4887 babes
697 4832 763 4888 ecla
783 4848 868 4904 eaque
889 4835 1024 4891 nebulosa
1060 4821 1221 4876 tentiissire
1229 4816 1317 4872 verbis
1336 4817 1499 4883 'abircmusq
1520 4813 1594 4888 quod
1611 4814 1751 4868 tamenin
1769 4823 1885 4900 extremo

196 4927 278 5001 fumo
316 4863 372 4995 qui)
392 4919 573 4989 interpretem
596 4907 681 4962 traxit
704 4905 815 4980 Virgilii
835 4907 933 4962 eoelum
957 4911 1023 4963 aab.
1058 4898 1179 4956 carmine
1193 4891 1614 4983 ,stropbeuimplentes,vitare
1632 4888 1744 4976 frustra·
1756 4888 1888 4976 laboran-

184 4961 779 5065 'maffeiumproprto⁸051500⁸M“'⁸⁰‘
806 4984 1005 5056 utipse,a(lt':r
1059 4993 1129 5030 roris.
1149 4973 1260 5028 Scilicet
1289 4970 1422 5057 diversam
1456 4985 1564 5042 prorsus
1585 4985 1601 5020 a
1622 4961 1799 5051 seqffertraoa
1817 4986 1883 5020 rranr

190 5087 271 5143 mat,
290 5037 445 5128 smerdem
464 5070 631 5140 optimam
656 5059 938 5130 eaempiarprocuea
957 5061 1020 5114 stara
1059 5063 1152 5108 terrere
1172 5065 1379 5118 corisuerrmusq
1400 5064 1489 5118 neque
1510 5062 1593 5108 sero,
1621 5051 1652 5094 nt
1676 5061 1738 5096 eum
1765 5041 1889 5103 aereaere

190 5161 349 5216 assuetum,
372 5145 490 5200 sectanda
513 5149 606 5194 autern
621 5133 730 5209 strophe
743 5137 1019 5208 quaeunttrnotiuna
1058 5130 1086 5190 io
1109 5124 1293 5205 quibusdam,
1315 5122 1353 5178 sic
1373 5120 1502 5180 dumille
1524 5116 1689 5204 contendere
1709 5127 1759 5177 out
1781 5117 1825 5175 hic
1842 5131 1889 5182 aut
