3878 5718
93 438 178 498 ttitte
189 429 391 508 Chrysippus,
406 420 562 501 rigidique
577 421 665 480 mitte
679 440 715 479 a·

259 506 497 580 cuminallanti.
573 568 577 578 Ι

92 653 137 710 Sit
153 649 226 705 satis
235 662 313 724 puro
324 639 458 720 reperire
466 635 560 695 corde

91 729 238 793 Numinis
249 734 354 785 testem
369 719 553 798 scelerisque
566 733 709 794 poenam3

93 815 184 878 Sidus
197 812 342 881 humeuae
357 803 429 863 satis
443 802 503 859 hoc
518 800 557 857 sit
572 817 669 855 unum
775 838 777 848 ,

258 891 314 950 Per
323 888 403 948 freta
416 875 549 963 cymbse.

430 1021 553 1038 Ἀ

355 1121 444 1183 tnta
463 1115 645 1178 TENENDA.

405 1277 444 1317 stt
463 1273 582 1314 Laswu.

98 1407 196 1468 Corde
210 1423 280 1482 quae
291 1401 386 1460 sentis
400 1401 478 1475 tria,
493 1399 574 1456 laete
583 1444 591 1472 ,
605 1373 696 1468 veru,
756 1413 760 1420 ’

97 1492 184 1549 Vana
198 1489 223 1546 si
235 1484 353 1558 eredis,
368 1485 488 1542 ratione
498 1480 643 1554 uincens,

98 1573 220 1647 Prima,
235 1567 323 1648 queis
336 1565 441 1624 differs
460 1564 635 1640 animante,
649 1559 722 1622 coeli.

261 1649 384 1708 Munera
395 1647 486 1708 tollis.

98 1801 192 1860 Liber
206 1807 270 1871 est,
281 1795 390 1854 ludant
403 1795 475 1854 licet
490 1815 586 1874 usque
600 1795 717 1856 circum

99 1884 170 1941 Fata
187 1878 348 1939 rarortalem
365 1886 469 1936 :tenet
480 1877 533 1936 itte
547 1876 667 1936 nullum

100 1967 154 2027 lus
169 1966 202 2022 in
214 1961 365 2035 externis,
381 1959 491 2020 ralidae
504 1961 556 2020 sed
570 1962 602 2022 in
619 1979 651 2018 se

268 2043 388 2102 Robora
403 2043 514 2102 arentis

99 2187 195 2244 'lutus
210 2180 356 2260 opponit:
372 2176 437 2236 fera
449 2177 496 2234 vis
506 2177 622 2236 catenis

100 2269 135 2326 Et
149 2284 273 2323 crucem
286 2259 385 2319 tradat
397 2260 543 2316 minitans
559 2268 589 2316 et
600 2259 702 2334 ignem
715 2300 725 2332 ,

100 2351 192 2409 Liber
205 2349 237 2405 in
254 2344 340 2418 ligne
351 2350 454 2404 manet
471 2340 525 2400 ille
536 2385 545 2415 ‚
558 2340 637 2398 liber

265 2426 373 2486 Tortus
385 2425 418 2482 in
434 2425 516 2508 igne.

101 2578 187 2635 llissa
206 2574 245 2632 de
258 2570 335 2630 coelu
346 2589 403 2628 nec
413 2569 505 2626 inane
519 2586 650 2635 numen,

101 2660 203 2734 Major
213 2656 349 2712 humasse
369 2671 469 2728 neque
483 2659 564 2707 sorte
575 2651 682 2712 rietus.

102 2742 244 2818 Degener
256 2735 397 2814 quamvis
409 2731 584 2808 titubetque
595 2729 668 2790 celsi

222 2890 227 2898 Ι
269 2818 548 2888 Immemurortus,

104 2956 233 3034 Corpori
247 2952 373 3026 cedens,
388 2950 501 3023 humo,
517 2957 593 3008 teste
608 2943 713 3015 nullu,

104 3043 142 3105 Se
153 3058 239 3095 reum
256 3036 381 3093 damnat
389 3079 400 3106 ,
417 3030 514 3090 scelus
525 3032 608 3088 intes·
619 3029 717 3106 ipsum
732 3073 741 3096 ,

104 3122 193 3190 Ultor
204 3121 236 3177 in
248 3127 343 3176 semet
356 3159 365 3186 ,
376 3125 446 3184 tua,
464 3113 593 3192 pulchra
610 3113 709 3170 virtus
723 3154 731 3186 ‚

271 3198 472 3260 Humuituru.

106 3343 161 3401 Est
181 3339 256 3396 deus
266 3381 274 3410 ,
285 3334 392 3394 muudi
408 3332 592 3408 generisque
607 3333 732 3388 sauctus

108 3430 226 3486 ,tuctur
238 3418 367 3476 humani
378 3415 518 3489 ,ratione
530 3420 612 3470 certa
620 3457 631 3486 ,
726 3435 730 3452 =

107 3505 189 3583 Lege
203 3499 346 3561 mortales
358 3497 462 3556 oculus
473 3495 605 3566 latente,

274 3581 389 3641 Cuncta
403 3579 597 3658 gubernans,

109 3735 266 3812 Temporis
280 3729 366 3790 nullo
380 3729 510 3808 spatiige
523 3725 661 3784 clausum

108 3815 252 3876 Termino
264 3833 378 3872 numen
390 3856 397 3884 ‚
408 3811 548 3871 uariante
558 3826 680 3873 rerum,

112 3899 182 3980 lpse
193 3919 254 3956 nou
270 3905 410 3968 mutans,
426 3893 527 3971 speeie
536 3937 548 3966 ,‚
557 3887 684 3969 perenni

274 3977 350 4044 Pace
363 3976 482 4039 beatus.

110 4119 209 4180 Corde
225 4137 294 4196 quae
310 4117 406 4182 sentis
418 4114 478 4173 tria
495 4121 586 4181 teste,
598 4105 708 4174 serva!

109 4203 207 4274 Laete,
225 4201 354 4259 terrenis
368 4199 488 4278 potiora
507 4195 664 4272 qnedrens,

111 4287 176 4358 Qun
190 4285 264 4342 deus
275 4279 364 4364 jussit
375 4327 383 4354 ,
393 4297 511 4338 memor
525 4278 588 4346 ire,
605 4293 693 4337 serva

273 4364 397 4423 llluuera
411 4357 497 4420 coeli!

431 4508 586 4528 *ια-’-
670 4507 674 4513 ¹

112 4625 276 4696 statuas
306 4591 514 4690 unarssuu'
532 4619 681 4683 sursus
704 4617 779 4680 vox

434 4727 481 4790 AB
503 4725 598 4785 otuu

305 4861 379 4941 (td
393 4859 535 4922 Scbil'leri
556 4861 714 4944 Hofflsurtq.
730 4859 742 4942 )

109 5017 198 5072 Amat
213 5010 392 5088 loquentem
404 5008 443 5069 de
459 5007 640 5068 melioribus

108 5094 207 5157 Home
220 5091 351 5167 diebus,
369 5091 528 5173 multaque
544 5091 697 5168 somniat,

909 305 957 364 nt

994 408 1038 470 td
1053 425 1176 466 auream
1191 401 1267 482 pelli
1282 398 1340 472 ,ad
1352 397 1474 458 beatam

1033 493 1133 568 Usque
1146 487 1232 548 rides
1245 501 1410 565 properare
1423 488 1548 544 metam.

953 637 1081 698 blundus
1093 633 1202 693 seniles
1217 633 1246 690 et
1254 631 1387 710 juvenes
1401 635 1484 685 retro

954 721 1091 782 Vulvens
1107 718 1131 776 it
1149 735 1262 782 ennes3
1275 721 1305 772 at
1317 758 1324 784 ,
1338 710 1447 769 melius
1458 709 1541 775 lure,
1635 715 1638 722 ’
1684 756 1696 795 ,

952 867 955 874 ,
995 803 1067 882 Spes
1084 798 1194 858 mulcet
1208 796 1360 854 humanus
1373 815 1380 849 :
1395 793 1426 849 in
1439 791 1513 874 ipsis

1037 885 1105 941 llsuc
1119 881 1265 953 volitans,
1283 897 1384 936 cemes
1399 873 1478 933 elma
1493 918 1502 949 ,
1515 867 1603 929 cuuis

956 1003 1225 1107 Circum'pnellnln
1241 1045 1331 1100 ,mm
1345 1023 1446 1080 vibrat
1464 1018 1612 1078 entheata
1653 983 1666 1012 '

957 1116 1062 1174 Facem
1074 1115 1227 1190 jurentae,
1241 1125 1374 1183 euntque
1393 1105 1461 1162 viro
1473 1103 1582 1178 vigeas

1000 1196 1143 1256 Canentis
1155 1199 1199 1248 est
1212 1191 1328 1246 brumae
1342 1195 1505 1264 superstes3

917 1343 935 1358 ⁸
1040 1279 1158 1356 Quippe
1173 1273 1223 1332 ubi
1236 1275 1302 1352 jam
1315 1272 1453 1347 requiem
1469 1267 1522 1325 det
1534 1283 1616 1342 egro

958 1420 1057 1480 Tellus
1070 1419 1230 1487 labarum,
1247 1433 1329 1490 spem
1343 1409 1453 1474 tumuli
1469 1428 1562 1487 super

958 1504 1041 1578 Figit
1052 1498 1197 1560 tenebris.
1207 1532 1244 1543 -
1255 1495 1423 1554 Blanditias
1434 1540 1442 1568 ‚
1454 1511 1551 1562 cave,

1000 1585 1119 1646 Erruris
1133 1583 1187 1638 bas
1200 1579 1322 1650 eredas,
1337 1578 1445 1635 inanes

957 1675 961 1683 '
1042 1668 1101 1726 Aut
1121 1663 1226 1722 stolidi
1242 1661 1356 1740 speeies
1367 1655 1499 1717 cerebri.

957 1800 1075 1858 Testem
1089 1843 1095 1867 ,
1111 1801 1228 1853 creatus
1239 1791 1276 1849 ad
1290 1787 1417 1850 rueliera
1429 1806 1498 1861 nos,

959 1881 1045 1940 Clare
1058 1887 1217 1937 suuantent
1234 1884 1357 1952 pectere
1368 1871 1530 1928 cunditnus
1544 1885 1554 1924 t

1003 1963 1118 2024 Lusisse
1130 1979 1182 2017 cnr
1192 1976 1316 2034 sperans
1328 1950 1468 2032 supernis

1043 2043 1148 2102 Nescia
1161 2061 1219 2100 vus
1235 2040 1363 2099 veniens
1377 2035 1416 2093 ab
1433 2034 1506 2092 cris.
1543 2071 1544 2076 κ

1291 2180 1434 2198 m

1249 2256 1298 2318 llll
1319 2250 1487 2330 Quttttttt.

1259 2378 1479 2472 (Hoeltyaua.)

1086 2530 1156 2600 Quae
1171 2524 1326 2584 silentium
1340 2519 1413 2578 colis
1421 2563 1431 2595 ‚

887 2688 892 2696 „
963 2618 1053 2693 Quies
1066 2611 1123 2686 ,ab
1143 2609 1225 2666 Edea
1241 2604 1376 2685 nympha
1391 2648 1397 2674 ,
1413 2613 1574 2658 nemorum
1589 2601 1681 2668 opaca
1690 2625 1703 2654 ,

1087 2691 1204 2751 Pullidu
1217 2735 1223 2758 ,
1238 2685 1444 2746 trementibus

965 2782 1027 2843 Sub
1044 2774 1183 2859 ροριιΙίι,
1198 2771 1280 2830 lunae
1291 2766 1553 2845 nituregaudens,

1088 2859 1164 2930 Quae
1182 2855 1267 2912 sedes
1282 2852 1448 2928 agrestium

967 2945 1107 3006 Attenia,
1123 2939 1221 2996 rivum
1235 2954 1346 3013 prope,
1360 2921 1458 2990 rrrndi's
1469 2936 1633 2988 eauroenae,

1092 3021 1273 3079 Floreamve
1288 3016 1397 3096 Sylvioe

967 3111 1053 3187 begis
1068 3121 1226 3168 cornuam,
1239 3095 1510 3157 tinnulusrelarra

1089 3187 1167 3246 Laeta
1183 3203 1237 3262 ρει·
1253 3201 1332 3258 rago
1347 3179 1442 3238 boves

967 3275 1074 3340 Mirare
1087 3289 1192 3348 passu:
1212 3283 1351 3343 spensam
1363 3271 1396 3320 ut
1409 3262 1672 3336 usquelsponsus,

1014 3415 1017 3422 ,
1093 3343 1423 3424 Cnrdisnsquetemei

970 3441 1019 3504 Sic
1031 3457 1086 3515 ego
1095 3432 1264 3510 sequebar,
1279 3449 1386 3508 sponsa
1398 3470 1406 3495 ,
1420 3420 1482 3482 sala
1498 3418 1584 3497 rupis

1096 3507 1467 3584 Nuncadeutra,deviis
1514 3543 1521 3552 ⁴

968 3581 1607 3675 Nunciajugis,convallevelprufunde,
1653 3645 1656 3652 ¹

1094 3671 1199 3740 Suavis
1212 3726 1219 3752 ,
1230 3685 1284 3736 aut
1296 3722 1305 3751 ,
1319 3675 1369 3734 ubi
1388 3671 1484 3751 gemit

969 3763 1136 3832 Philomela
1151 3782 1204 3840 ρει·
1214 3758 1358 3836 virgulta.
1370 3757 1499 3830 Jntuque
1514 3749 1586 3806 dira

1091 3847 1238 3904 Nectarec
1254 3841 1330 3900 mihi
1349 3841 1431 3914 rigas

923 3997 927 4006 ,
969 3935 1081 3993 lineata
1094 3947 1163 3986 rure
1182 3936 1297 4005 pectus.
1310 3924 1365 3982 llic
1377 3917 1471 3978 oduru

1087 4012 1206 4088 Cespite
1220 4009 1400 4086 hesperum,
1414 4011 1482 4062 tuus

947 4101 952 4104 ’
971 4095 1091 4176 Aspiciu
1104 4089 1225 4150 arrrnres'
1235 4137 1243 4164 ,
1254 4107 1383 4167 quaeque
1398 4082 1511 4142 blanda
1527 4075 1620 4158 sylvae
1716 4125 1719 4130 .
1748 4063 1752 4070 ⁴

1095 4177 1176 4232 Luna
1193 4194 1247 4250 ρει
1259 4172 1418 4230 eacumina
1489 4221 1491 4228 ,

973 4263 1099 4322 Cornsea
1114 4257 1222 4334 fulget.
1239 4257 1322 4328 Qtru,
1337 4270 1414 4330 puer
1430 4243 1556 4306 feronio

1096 4342 1193 4415 Quum
1211 4355 1312 4396 ennias
1328 4333 1455 4401 dabam,
1468 4347 1535 4386 rusa

972 4427 1138 4504 Cingente‚
1152 4422 1251 4479 lusum
1264 4465 1271 4493 ,
1285 4417 1325 4475 ah
1340 4462 1349 4491 ,
1364 4415 1441 4472 lenis
1457 4426 1555 4488 usque
1569 4406 1697 4480 eodem,

1094 4503 1234 4582 Nympha
1248 4544 1255 4570 ,
1269 4496 1368 4559 rideas
1379 4495 1458 4554 milri

806 4618 935 4682 NESCIT
970 4589 1084 4652 Vultu!
1102 4587 1162 4645 Nee
1175 4585 1299 4664 urbane
1313 4581 1405 4640 decor
1421 4573 1529 4656 puellae

1094 4670 1143 4728 Me
1159 4677 1236 4726 tuoe
1249 4667 1336 4732 sinu,
1353 4662 1438 4720 labra

970 4755 1033 4815 Nec
1048 4757 1080 4813 in
1097 4753 1250 4813 theatrum
1263 4764 1434 4827 purpurea,
1449 4739 1637 4798 frementem

1095 4839 1155 4893 Aut
1172 4831 1298 4891 trabant
1312 4829 1456 4887 chorum.
1469 4820 1533 4882 llleu

969 4919 1055 4979 blane
1067 4917 1120 4976 hic
1132 4915 1244 4993 agresti
1260 4957 1268 4986 ‚
1283 4913 1364 4979 (lira,
1380 4907 1436 4967 sub
1449 4905 1514 4964 lare
1526 4949 1534 4977 ,
1545 4897 1621 4960 nlirn

1090 5001 1211 5078 Sponsae
1225 4993 1367 5056 amabilis
1379 5009 1474 5050 manu

969 5086 1046 5164 llum
1064 5083 1250 5145 uenenum
1264 5072 1477 5140 transferasiu
1489 5067 1584 5138 Eden.
