3874 5726
97 430 181 509 Quid
194 430 311 492 (lardum
326 427 404 493 mibi
416 455 499 498 musa
514 436 802 518 animumspeludis
811 435 918 500 inani?
998 440 1162 518 Fragmine
1175 483 1183 511 ,
1205 459 1261 520 per
1274 436 1363 501 tritas
1373 448 1404 500 ct
1415 435 1498 500 dolet
1513 436 1560 502 ire
1573 439 1674 504 trabes
1687 454 1707 506 τ’

140 517 202 576 Car
215 513 327 575 humili
343 519 490 596 cuiquam
504 523 551 580 ris
565 521 718 602 placuisse
738 519 837 580 sono?
958 523 1061 600 eralis
1074 525 1123 581 vir
1133 541 1221 601 gazas
1231 569 1240 596 ,
1251 523 1350 584 fracta
1361 525 1415 584 rix
1427 540 1505 582 nare
1515 536 1686 604 superstes,
1739 595 1742 602 ,
1757 595 1762 602 ,

93 597 165 672 Ah,
182 597 309 668 saltent,
325 607 359 656 ut
371 599 471 660 dulcis
486 602 655 686 juvenique
668 604 799 682 viroque
811 597 917 674 fuisti,
999 605 1154 676 Perdidit,
1168 615 1198 664 et
1211 607 1312 664 nudus
1324 605 1427 664 littora
1440 613 1506 664 tuta
1523 606 1606 667 subit
1628 629 1636 666 :
1741 633 1745 678 ¹.
1772 675 1777 685 ,
1791 661 1796 683 ,

136 681 187 741 Ad
207 689 319 740 metam
331 682 422 742 stadii
439 687 478 743 sis
493 691 594 746 comes
612 705 711 763 usque
732 686 815 745 mei!
959 687 1099 754 Annales
1113 687 1146 744 in
1161 688 1260 764 digito
1271 690 1393 764 signum
1409 686 1499 746 modo
1517 696 1611 748 restat
1622 677 1776 752 nmateii'i'

997 771 1063 829 Hoc
1077 778 1234 848 spectans,
1245 772 1345 848 rapiat
1358 779 1465 829 caetera
1478 777 1608 846 pontus,
1621 773 1673 831 nit.

388 907 390 912 .
445 895 583 920 ⁵...-
960 851 1771 930 Quaefueris.nostroquis,Graecia,somnietaerdi

1000 936 1094 1009 Quam
1105 932 1189 1005 levis,
1204 933 1379 1007 nh,mundo
1389 936 1454 1012 jam
1468 943 1571 992 manet
1582 936 1689 995 umbra
1701 939 1766 1000 tuit

272 1013 377 1108 ΑΒΕ
400 1025 726 1116 GRAECORUM
959 1014 1018 1078 Per
1031 1017 1284 1096 pelagus,sectas
1297 1015 1469 1094 permultis
1484 1016 1629 1074 amnibus
1644 1037 1712 1076 oras
1747 1023 1751 1032 “

579 1161 583 1166 ,
730 1099 740 1120 ‘
999 1097 1141 1172 Florens,
1162 1102 1333 1176 Aegyptum
1345 1118 1420 1172 gens
1434 1098 1600 1175 Asiamque
1615 1099 1689 1158 colit

136 1227 250 1309 (smil.
265 1248 281 1288 a
293 1217 435 1312 sphlegel
455 1236 505 1294 dio
517 1233 617 1297 ΚΜ
627 1240 681 1298 δη
695 1237 875 1319 Mem.)
957 1179 1101 1250 Fervida,
1122 1189 1290 1312 utromque
1312 1199 1374 1238 aurs
1399 1181 1769 1323 ιτιιῐιειιιιιῑειιεἰἑιῖἔιείἰιξιιἶ

553 1409 556 1414 Δ
996 1342 1712 1422 Hoc‚'quocunquevenit,fungituroliicio.⁸
1746 1371 1749 1392 =

92 1418 188 1486 Terra
206 1427 314 1488 fovens
333 1435 431 1497 artes,
454 1424 550 1509 Greisa
572 1428 854 1508 gratissima·matri
953 1429 1068 1505 Raptor
1089 1427 1142 1484 ubi
1155 1424 1297 1484 lloitante
1311 1424 1389 1483 lares
1405 1425 1483 1483 locat
1496 1435 1582 1483 ustus
1596 1445 1707 1498 arena,

137 1507 723 1586 Proles,eoniusojamtibifatanora
898 1535 902 1542 ’
997 1511 1032 1569 Et
1052 1506 1667 1588 patulaposcitfeucecamelusaqoana,
1738 1575 1741 1582 ⁴

95 1585 285 1669 Impendent
306 1591 395 1652 bellis
410 1591 543 1668 arraudo,
569 1589 650 1654 nova¹
662 1593 787 1657 ilanima
809 1597 916 1658 Corin·
952 1595 1030 1654 Pom
1045 1590 1125 1649 tellit
1139 1589 1264 1649 Phoebi:
1281 1591 1400 1666 Cyrene
1412 1589 1481 1649 lffllss
1497 1589 1679 1668 quadrigit,

433 1745 434 1750 ἵ
824 1681 915 1740 thum
995 1675 1116 1734 Hictna
1129 1670 1436 1749 rnuleebatCypridis
1450 1691 1503 1730 ora
1519 1675 1645 1730 nemost
1744 1689 1748 1698 ·

140 1749 276 1816 Devorat
293 1798 302 1827 ,
322 1763 354 1814 et
379 1763 513 1834 prator,
538 1756 669 1816 reddere
691 1756 760 1819 lesa
778 1761 912 1840 jubens,
954 1761 1038 1820 Festa
1060 1755 1143 1814 lovis
1158 1764 1254 1812 terras
1268 1752 1353 1812 volut
1368 1755 1506 1812 accivere
1520 1764 1674 1815 remotas:

103 1835 229 1894 Classem
260 1845 367 1896 onerat
388 1835 508 1915 spoliis,
536 1837 579 1896 dii
605 1859 774 1919 rursusque
796 1843 916 1906 labores
993 1835 1582 1914 SicanosEleocarcereferrethuus;
1743 1843 1748 1851 '

140 1918 263 1996 Ingenii
279 1931 382 1999 captos
395 1920 526 1978 barbara
542 1941 652 2001 pompa
675 1923 772 1983 vehit.
956 1920 1263 1999 Alpheumquesaoro
1273 1936 1471 1995 conspersum
1482 1917 1768 1998 pulveremerg'ens',

97 1997 220 2060 Interea
239 2003 336 2080 Grajae
352 2009 384 2059 tu
406 2019 499 2060 musar
515 2045 523 2072 ‚
538 2003 668 2079 (inethe,
690 2005 831 2067 sacerdos
1001 2005 1024 2062 0
1041 2001 1212 2074 Arethusa,
1230 2009 1282 2058 tuo
1293 1997 1396 2056 reddit
1408 2019 1494 2058 amor
1507 2002 1635 2076 gremio.

138 2081 230 2142 lllnlta
247 2131 253 2155 ,
270 2081 460 2142 Prometheis
478 2094 511 2141 ot
528 2087 676 2146 meditata
694 2089 793 2165 viris,
951 2088 1019 2147 Non
1037 2083 1126 2142 modo
1141 2081 1301 2160 plaudenti
1312 2079 1393 2139 tollit
1406 2101 1437 2140 se
1448 2080 1545 2158 glorie
1562 2077 1651 2141 turlra
1668 2106 1676 2142 τ

96 2161 652 2242 Tranquillareserasartismiraoula
667 2179 790 2243 mente,
898 2191 902 2196 ·
993 2163 1668 2240 herenvictorumonagminalucoshabctt
1745 2178 1747 2188 '

138 2247 228 2308 Sacra
247 2289 255 2317 ‚
267 2245 468 2328 profanorum
484 2249 607 2308 condita
631 2249 812 2312 luminibus.
951 2255 1047 2328 Quem
1063 2247 1291 2317 saltus,cursus,
1304 2244 1421 2317 discus,
1432 2265 1524 2324 quem
1536 2246 1618 2307 lucta
1630 2255 1768 2328 coronat,

96 2325 140 2386 Tu
155 2327 288 2388 Teucros
304 2332 420 2390 circum
437 2351 546 2410 pueros
562 2332 721 2414 lteroaque
735 2353 831 2394 nexus
992 2334 1087 2406 Quem
1099 2339 1228 2402 orestus,
1248 2327 1364 2406 rapidis
1374 2337 1494 2387 metare
1508 2330 1580 2389 trita
1592 2331 1687 2402 rotis,

137 2409 322 2490 Serpentum
339 2411 448 2472 solcis:
466 2413 553 2472 tarda
575 2417 717 2474 videmus
734 2418 781 2474 uti
952 2417 1042 2475 Sacra
1057 2411 1156 2471 ierat!
1173 2411 1258 2469 Doris
1272 2429 1325 2469 vos
1341 2418 1420 2468 tecta
1443 2422 1572 2488 arigusta
1595 2411 1768 2491 columbis,

96 2491 155 2550 Ars
175 2503 293 2554 armata
318 2494 409 2552 deinn
426 2504 553 2573 peragat
566 2497 707 2574 decreta,
729 2498 853 2561 dolente
898 2513 900 2519 “
990 2497 1027 2555 Et
1038 2504 1127 2554 vocat
1141 2512 1158 2552 e
1174 2493 1262 2552 tectis
1278 2509 1370 2551 aurea
1385 2489 1475 2550 Fama
1490 2493 1610 2554 volans.

138 2575 176 2634 lit
197 2595 269 2635 saxo
292 2577 360 2634 miti
381 2575 479 2655 gratia
501 2577 573 2636 fusa
597 2599 704 2638 manu.
948 2579 1037 2638 lntus
1049 2585 1081 2637 at
1092 2577 1161 2656 Ipse
1173 2575 1275 2634 sedet:
1289 2573 1460 2652 divumque
1475 2574 1705 2654 hominumque
1714 2597 1769 2657 pa-

95 2655 215 2716 Grandi
234 2660 277 2717 sic
288 2659 386 2718 lorma
402 2657 503 2718 soltus
516 2679 662 2721 conversa
675 2669 832 2741 stupentes
1665 2661 1766 2738 renti,

138 2738 262 2800 Attallit
274 2737 371 2800 Niobe
386 2762 394 2800 a
410 2740 516 2800 fundit
527 2742 635 2802 hiante
650 2743 752 2803 charis
768 2791 776 2821 ,
989 2739 1126 2800 Victoris
1139 2739 1292 2818 pretium,
1309 2737 1407 2813 cingit
1419 2736 1503 2797 oliva
1518 2747 1635 2816 caput:
1778 2809 1782 2820 ⁸

95 2819 268 2898 indignans
283 2822 372 2898 licet,
386 2843 439 2882 ore
454 2843 559 2902 preces
579 2847 586 2884 ε
602 2826 719 2886 Latona
739 2829 893 2908 rigentem
944 2823 1035 2898 'Quod
1043 2821 1279 2882 circumchorea
1293 2819 1430 2878 Charites
1441 2819 1611 2880 volvuntur
1623 2830 1654 2882 et
1665 2823 1763 2900 Horst;

139 2904 280 2983 Spectet,
295 2906 442 2966 sevitiam
459 2905 581 2965 fleverit
593 2909 658 2986 ipsa
674 2929 771 2968 suern.
988 2906 1050 2965 Sub
1065 2905 1197 2984 pedibus
1210 2903 1326 2961 llarors
1340 2903 1448 2961 miscet
1460 2905 1672 2963 Amazonidos.

97 2983 275 3046 Fraternam
291 2986 399 3045 formis
414 2995 450 3046 tu
460 3001 566 3048 vocem
580 2985 693 3071 junge,
707 2999 759 3052 tua
773 3011 822 3051 ars
834 2997 871 3049 ut
947 2987 1159 3056 Precianam,
1175 2987 1259 3044 Joris
1270 3003 1364 3061 quem
1376 2993 1455 3042 serta
1467 2993 1584 3044 aeterna
1599 2985 1763 3049 beabunt!

137 3068 201 3128 Sub
215 3069 305 3148 Graja
318 3071 431 3148 spiret,
448 3071 537 3150 Graja
550 3073 607 3130 sub
622 3084 688 3133 arte
702 3082 766 3134 tua.
988 3070 1077 3128 Tibia
1092 3089 1148 3128 cur
1159 3076 1256 3126 cessat
1267 3069 1281 3126 l
1293 3065 1427 3125 Pindare
1445 3108 1453 3136 ,
1468 3065 1617 3127 melliflua
1706 3093 1708 3098 ¹

95 3152 168 3225 Quae
183 3152 267 3227 genii
280 3151 376 3210 tutela
389 3150 475 3211 iavet
486 3200 498 3228 ,
513 3153 569 3212 sub
582 3175 656 3233 pace
671 3155 762 3214 beata
944 3150 1133 3224 leniendis,
1142 3149 1292 3210 citharam
1304 3148 1497 3207 moderantia
1508 3148 1765 3214 carminafonde't

137 3235 245 3292 hibera
270 3233 407 3292 terrestri
426 3245 549 3314 pectora
564 3236 631 3314 lege
645 3237 763 3297 colunt.
988 3234 1057 3293 Sors
1072 3234 1122 3291 oui
1138 3231 1285 3306 mortalis,
1297 3231 1341 3288 sic
1357 3239 1407 3289 tua
1418 3228 1478 3288 tela
1500 3241 1633 3301 sonant,

95 3311 155 3374 Hic
166 3315 246 3373 bene
260 3323 294 3374 tu
307 3333 407 3374 serras
421 3363 429 3389 ‚
441 3337 581 3396 puroque
596 3321 691 3378 tueris
710 3319 809 3400 asylo,
947 3315 1006 3374 lior
1020 3335 1128 3394 expers
1139 3313 1262 3392 pulchri
1279 3333 1361 3372 seros
1381 3311 1534 3389 inglorius
1548 3333 1647 3372 anuos
1744 3371 1748 3377 .

137 3397 283 3458 Ausoniis
297 3405 463 3476 gratoque
479 3401 536 3458 tibi
548 3402 612 3460 risa
628 3401 738 3480 plagis.
987 3397 1110 3456 Nutriat
1124 3396 1178 3454 ille
1194 3396 1276 3454 domi
1291 3392 1304 3453 l
1318 3395 1362 3454 lle
1383 3397 1471 3454 decet
1493 3395 1554 3453 alta
1571 3397 1658 3475 sequi
1673 3400 1680 3457 l

95 3477 258 3552 Quondam
275 3480 331 3540 aeri
346 3498 470 3538 servans
490 3491 582 3540 testes
601 3485 644 3542 sic
660 3492 738 3542 terra
755 3481 886 3564 prioris,
947 3479 996 3539 Sic
1010 3479 1093 3538 fatus
1109 3480 1254 3556 regisque
1269 3477 1377 3558 Pelops
1391 3477 1506 3536 illaesus
1519 3477 1558 3536 ab
1572 3478 1660 3538 hasta

137 3560 267 3620 Provida
281 3557 392 3620 celavit
404 3565 543 3638 germina
557 3566 626 3624 vira
644 3567 713 3624 sinu
987 3563 1049 3621 lloc
1063 3559 1196 3640 palmam
1213 3560 1312 3620 stadio
1323 3559 1445 3618 rettulit
1457 3560 1677 3639 Hippodamen.
1742 3612 1745 3618 .

94 3643 178 3704 Artis
190 3642 382 3720 coelestisque
393 3645 503 3717 oestri,
519 3647 705 3727 tandemque
717 3642 850 3704 dolentis
945 3644 994 3705 Ah
1009 3647 1015 3702 !
1036 3644 1153 3720 magica
1169 3644 1239 3702 ritae
1253 3643 1329 3719 quid
1345 3642 1435 3700 ludor
1459 3643 1615 3719 imagine?
1625 3643 1719 3704 Pestis

136 3725 246 3783 Matris
268 3725 301 3782 in
316 3725 490 3807 amplexum
515 3730 633 3808 perdita
650 3729 784 3788 natadia
986 3726 1074 3785 llunc
1086 3726 1168 3784 Echo
1184 3726 1328 3803 queritur
1345 3723 1450 3783 flebile
1466 3725 1529 3782 sola
1551 3724 1638 3786 locis.
1745 3732 1749 3738 ’

93 3807 131 3866 ln
145 3809 306 3885 vitamque
320 3806 400 3866 redit
418 3811 525 3887 stygiis
539 3831 655 3872 emersa
672 3811 825 3888 tenebris,
923 3808 984 3868 xait
998 3829 1053 3866 nos
1065 3807 1197 3868 coelestis
1209 3827 1294 3864 mens
1311 3805 1422 3880 adllet,
1438 3805 1482 3864 sol
1497 3807 1542 3865 uti
1558 3809 1647 3888 cujus

136 3887 336 3969 Heroumque
356 3909 453 3966 genas
475 3901 637 3970 perpetuas
656 3895 763 3953 docuit.
984 3890 1160 3949 Lexarcana
1173 3889 1342 3960 nitet,nee
1354 3889 1475 3947 variare
1487 3898 1596 3968 potest.
1644 3894 1647 3900 '

92 3971 254 4029 Artificem
271 3969 392 4050 pulchri
414 3971 495 4048 leges
509 4020 517 4048 ,
533 3974 685 4054 bustoque
699 3972 808 4034 relicto
943 3971 1008 4030 lton
1025 3970 1116 4030 modo
1144 3973 1291 4031 virtutem
1305 3979 1378 4029 ante
1397 3972 1439 4028 «tii
1456 3991 1583 4049 posuere
1603 3970 1758 4033 laborem:

135 4050 187 4110 Fit
208 4053 283 4111 deus
301 4051 419 4111 idolum
434 4053 530 4114 libera
546 4077 629 4116 sacra
643 4057 755 4117 ferens.
984 4054 1021 4112 Fa
1036 4053 1158 4133 pulchri
1173 4073 1288 4111 numen
1304 4053 1393 4112 devia
1408 4073 1476 4111 saxa
1494 4053 1587 4134 colit.¹

90 4133 296 4207 Phidiacum,
311 4135 436 4194 chene!
461 4139 486 4194 si
511 4141 595 4216 quod
608 4140 704 4200 habet
725 4137 838 4198 celsam
854 4144 908 4193 aut
944 4139 1071 4195 hactum
1086 4138 1146 4194 iter
1161 4144 1191 4192 et
1212 4149 1344 4213 praeceps
1364 4135 1404 4193 ad
1424 4145 1513 4194 oastoe
1538 4135 1645 4194 lintion
1658 4135 1757 4213 divar,

717 4217 719 4222 ’
761 4218 908 4297 Polycleti
983 4217 1081 4276 Prona
1096 4219 1148 4276 sed
1159 4218 1313 4296 abripitur
1331 4235 1398 4296 spes
1417 4237 1472 4296 per
1490 4237 1608 4278 amaena
1625 4236 1758 4279 moram.

134 4297 256 4356 lustum
270 4297 683 4378 pulvisopustnnnmanns
708 4301 846 4378 attigerit
894 4321 896 4328 ·
944 4298 1025 4358 Talis
1040 4309 1130 4358 etars
1144 4299 1430 4378 Grajom,Spartae
1451 4319 1507 4358 ceu
1526 4301 1607 4358 nuda
1629 4299 1763 4378 virago,

91 4379 248 4439 vastatrix
263 4381 341 4438 illud
351 4427 359 4455 ,
376 4401 433 4440 nec
452 4391 529 4441 tecta
543 4387 664 4443 ruentia
680 4392 844 4462 quassant:
984 4381 1115 4441 llenrbrn
1136 4384 1222 4461 prius
1242 4382 1357 4439 durans
1372 4402 1465 4459 quam
1479 4382 1620 4440 subiisset
1639 4391 1743 4443 amor-‚t

134 4461 245 4520 Pacato
264 4463 420 4540 quondam
443 4466 580 4542 proferet
595 4468 669 4525 orbe
689 4469 765 4526 dies.
948 4463 1175 4542 Sirnplicedora
1189 4465 1308 4540 gravis,
1334 4463 1435 4522 mollis
1452 4472 1512 4522 stat
1530 4465 1601 4522 iona
1633 4463 1759 4538 reluta,

91 4543 221 4618 Cernis,
239 4553 276 4602 ut
297 4545 366 4602 irati
387 4549 500 4605 montis
523 4557 612 4606 retus
632 4551 706 4628 igne
718 4563 831 4624 vorago
907 4591 916 4612 ,
985 4545 1054 4606 Fert
1070 4547 1206 4625 Ephyres
1220 4547 1356 4604 cinctum
1374 4547 1486 4605 fronde
1496 4546 1638 4605 coltrmna
1654 4555 1758 4628 oa‘put.

134 4625 219 4684 'Perit
231 4625 390 4708 Pompeias
402 4627 644 4708 Herculeamque
657 4627 765 4690 riam?
892 4645 895 4656 '
945 4627 1006 4687 Nec
1020 4630 1097 4687 fines
1112 4629 1191 4687 ultra
1208 4629 1357 4686 tendunt:
1373 4637 1525 4708 praecepta
1542 4635 1667 4706 nepotes

91 4703 298 4768 Flammarum
310 4717 341 4766 at
356 4710 470 4768 nimbis
484 4710 575 4770 illaesa
588 4713 868 4792 undantequesaxo
989 4713 1124 4772 Vincens
1137 4710 1236 4769 forma
1251 4711 1340 4768 docet
1356 4731 1428 4782 ‚seu
1442 4719 1539 4768 struat
1553 4711 1613 4769 alta
1631 4711 1697 4770 lora
1709 4757 1720 4788 ,
1735 4747 1738 4752 ·

134 4787 228 4850 Saena
240 4809 348 4850 recens
362 4792 452 4863 ritae,
468 4801 548 4852 tecta
560 4792 722 4875 laresque,
738 4793 832 4852 redit.
890 4821 893 4826 ¹
946 4799 1007 4857 Seu
1018 4801 1124 4851 tenues
1140 4812 1250 4851 urnas:
1272 4792 1409 4854 confusis
1428 4794 1525 4871 inque
1539 4794 1638 4850 ruinis

6 4933 7 4950 ,
88 4869 189 4932 Parva
208 4873 353 4953 quidem,
377 4875 432 4931 sed
460 4893 531 4935 cara
559 4883 663 4938 tamen
688 4874 909 4938 monumenta:
987 4875 1191 4934 hlembrorum
1214 4883 1357 4934 constant
1376 4874 1719 4954 ordomodusquesibi.

376 4969 379 4980 ·
747 4956 823 5038 quid
836 4957 911 5010 aetas
950 4961 1059 5036 Quum,
1068 4977 1166 5036 pauco
1180 4956 1300 5016 tabulas
1312 4959 1466 5034 variante,
1480 4955 1582 5018 colme
1595 4975 1653 5018 nec
1672 4957 1761 5041 Indo,

130 5033 300 5098 Abstulerlt
309 5079 321 5108 ,
333 5053 423 5098 sensu
440 5037 589 5119 grandia,
612 5046 723 5098 cuncta
739 5039 861 5101 docent.
990 5040 1052 5100 Nec
1065 5040 1165 5120 parias
1179 5039 1263 5100 claro
1277 5040 1394 5099 tnurice
1407 5040 1493 5100 dives
1504 5049 1587 5116 erut;
1730 5035 1737 5062 ¹

87 5115 280 5179 liceretetin
290 5117 360 5199 pilae
375 5126 516 5184 ratarum
528 5123 658 5184 mirator
673 5120 790 5183 amicos
942 5125 1068 5186 Aurorae
1081 5121 1182 5184 veluti
1193 5122 1317 5199 laetatu,
1334 5122 1525 5204 Polygnoto,
1544 5121 1653 5188 severii·
1666 5143 1669 5148 ·
1684 5128 1696 5178 Ἀ
