3874 5726
1009 306 1011 311 ·
1041 273 1060 330 8

242 371 478 436 Florentinum
490 371 683 449 morsspeoie
693 369 786 432 lateat
799 418 808 444 ‚
1104 375 1166 438 Vix
1181 385 1274 456 queat
1289 385 1324 440 ut
1337 397 1435 440 vacuo
1448 380 1572 440 suavior
1588 401 1655 442 esse
1676 381 1776 448 luscus..

198 457 312 517 Natura
325 453 438 518 molem
450 453 548 513 donec
560 462 706 529 surgente
721 464 860 516 casatam
1061 457 1182 520 Scilicet
1203 469 1234 518 et
1257 461 1345 519 tectis
1365 470 1395 520 ct
1417 480 1536 522 amoena
1560 463 1738 546 esthospite
1759 471 1858 549 inulto,

243 543 350 598 derata
364 535 479 596 ferient
494 553 620 612 sorsque
631 535 758 614 diesque
770 557 877 606 resana,
1100 540 1136 600 Et
1148 541 1227 600 miro
1241 543 1357 602 circum
1372 552 1483 601 csrncta
1498 541 1604 623 lepore
1614 547 1754 626 placent:

198 621 242 680 dc
263 619 378 691 veluti,
404 635 504 680 cavom
525 616 620 694 fregit
641 633 710 695 quae
732 617 875 690 elatine,
897 631 1025 700 repente
1059 621 1169 684 ltloenia
1183 643 1244 702 qua
1261 623 1427 693 claudunt.
1445 644 1506 703 qua
1525 645 1630 700 mons,
1656 631 1861 712 pulcherrimus

239 703 337 776 Quum
363 699 447 758 subit
461 699 648 758 horrendam
673 698 757 778 sylva
773 699 893 782 Libyssa
907 707 1023 784 tigrin,
1123 703 1126 708 ‘
1793 719 1846 798 ipse

197 786 358 844 Aersrmnae
371 803 401 840 sc
417 780 503 840 sotter
515 780 608 838 horno
623 778 806 860 scelerisque
820 785 942 864 furore,
1099 787 1191 846 Vasta
1205 785 1365 846 florentem
1381 785 1510 865 despicit
1524 787 1600 848 orbe
1610 789 1734 870 plagam
1749 817 1759 871 3
1854 767 1860 796 ¹

238 866 360 930 Naturae
372 872 511 942 repetens
523 863 600 921 urbe
613 860 763 940 flagrante
783 864 876 924 bona.
1013 891 1016 898 ·
1059 869 1121 943 Qua
1150 867 1291 928 Borcetta
1318 867 1405 928 tholo
1431 889 1486 948 per
1499 869 1592 930 colles
1610 893 1713 951 sparsa
1737 874 1859 955 nitescit,

198 947 282 1006 Tunc
299 949 377 1004 muri
392 947 474 1024 rupti
489 991 497 1018 ‚
521 953 595 1004 tunc
607 965 624 1002 o
639 946 771 1006 emittite
787 948 924 1025 captum!
1097 949 1234 1009 Maestum
1249 969 1310 1027 qna
1323 950 1439 1026 stagnis
1455 952 1556 1011 cincta
1571 956 1663 1014 ruina
1677 956 1768 1018 silet:

237 1029 372 1090 linterno
388 1029 531 1087 reducem
546 1029 616 1086 rura
630 1036 734 1104 tegant
747 1031 874 1104 gremio.
1058 1029 1118 1090 Arx
1132 1031 1230 1092 Caroli
1251 1031 1407 1109 quondam
1423 1073 1430 1102 ,
1453 1034 1540 1091 cordi
1553 1032 1620 1094 loca
1638 1048 1726 1114 grata
1739 1039 1858 1116 dolenti,

196 1114 250 1172 Ast
265 1112 318 1168 ubi
339 1131 405 1170 sum
419 1114 434 1170 ?
456 1110 558 1168 Latuit
581 1118 702 1168 trames.
726 1108 882 1190 Praerupta
906 1133 1020 1192 vorago
1095 1113 1134 1172 Et
1150 1113 1246 1172 menti
1261 1113 1356 1171 missis
1369 1113 1400 1171 et
1414 1113 1478 1172 loca
1492 1123 1564 1174 uota
1581 1120 1669 1178 meis.

234 1194 316 1252 Ante
331 1202 477 1271 retroque
488 1192 601 1270 premit
616 1191 707 1252 farrae
722 1193 861 1251 minante
874 1197 1018 1270 gradum.
1054 1196 1114 1256 Sed
1129 1195 1257 1276 pulchra
1270 1215 1319 1254 me
1334 1195 1412 1255 llura
1438 1205 1526 1255 vocat
1540 1199 1670 1275 regione
1688 1214 1857 1268 morantem:

194 1275 283 1354 Septa
296 1284 378 1334 retro
389 1275 470 1354 grati
485 1275 610 1332 comites
625 1275 772 1350 hortique
785 1275 905 1350 relicti,
1095 1277 1165 1337 Huc
1186 1277 1246 1337 iter
1260 1323 1268 1351 ,
1294 1277 1356 1335 huc
1380 1277 1495 1354 gaudet
1517 1278 1600 1338 filius
1624 1282 1672 1340 ire
1688 1301 1794 1344 carues.

235 1358 270 1416 llt
285 1366 358 1418 nota
373 1354 511 1417 mortalis
524 1373 658 1433 quaeque
669 1354 777 1416 relicta
799 1379 917 1419 manus.
1055 1357 1194 1440 Namque
1206 1360 1312 1418 lavans
1323 1379 1400 1418 urm
1414 1359 1496 1418 ferro
1507 1365 1745 1440 pregnantibus
1765 1369 1857 1438 undis,

190 1438 323 1498 ldaterim
339 1438 433 1500 tuales
443 1483 454 1510 ‚
467 1439 540 1498 vita·
557 1438 648 1497 ruodo
659 1441 797 1516 gerusian
812 1459 925 1518 cern03
1103 1443 1239 1519 Canaque
1249 1461 1318 1499 oum
1332 1440 1416 1499 dulci
1428 1439 1491 1500 filia
1504 1451 1603 1503 matre
1613 1455 1731 1508 manet.

232 1522 352 1590 Gradus
367 1520 498 1580 basaltes
508 1528 608 1599 sperat
618 1521 657 1580 ab
671 1530 736 1578 arte
747 1521 852 1582 deeras.
1054 1521 1113 1583 Nos
1122 1524 1236 1585 Duram
1248 1570 1256 1598 ,
1271 1523 1411 1600 diraeque
1422 1523 1460 1581 ad
1471 1523 1585 1584 festum
1599 1527 1755 1588 tendimus
1767 1529 1856 1598 Anna,

193 1603 268 1662 Cura
294 1604 421 1664 fremitu
435 1603 536 1661 fertur
559 1611 677 1662 torrens
696 1623 751 1682 per
771 1605 857 1686 rupis
876 1605 1018 1682 hiatum,
1094 1601 1258 1666 Patronem
1273 1605 1384 1662 merito
1396 1623 1489 1682 quam
1504 1606 1578 1666 colit
1589 1606 1645 1669 illa
1661 1629 1757 1670 suam.

231 1686 293 1744 Sub
305 1685 407 1746 radice
422 1686 510 1744 ferox
524 1682 604 1743 ilicis
616 1687 625 1743 i
631 1705 663 1745 re
676 1689 768 1746 risam.
1052 1685 1191 1748 Prodidit
1205 1688 1350 1747 advectus
1362 1695 1485 1756 sanctus
1497 1689 1648 1750 miracula
1664 1700 1783 1766 verter;

192 1769 318 1831 Vestam
333 1767 612 1846 chorriferamque
626 1766 766 1846 plagam!
790 1768 866 1827 Cum
881 1768 1018 1832 nubibus
1091 1768 1166 1829 Nam
1180 1769 1233 1844 lis,
1248 1767 1363 1848 templa
1375 1788 1484 1847 parens
1498 1778 1566 1830 utra
1584 1781 1722 1848 teneret,
1733 1782 1794 1833 erat
1807 1797 1813 1832 :
1848 1823 1850 1830 ,

910 1852 1016 1916 orbem
1051 1839 1147 1923 Ecce,
1164 1850 1288 1913 volente
1300 1850 1371 1916 deo,
1390 1849 1510 1910 llartini
1522 1851 1595 1912 fana
1609 1863 1739 1933 repente

197 1985 204 1994 ,
229 1933 299 1994 Solo
309 1933 371 1992 lixa
387 1929 457 2010 polo
472 1931 555 2009 regia
571 1931 668 1991 nectit
679 1933 756 1991 avis.
1090 1933 1209 2008 Manui,
1222 1954 1284 1991 non
1297 1931 1361 1990 ullo
1372 1931 1469 2002 fraena
1484 1943 1625 2010 regente,
1644 1945 1764 2016 petunt.

187 2013 252 2075 Non
269 2014 607 2084 hualmtantum,non
626 2013 688 2074 huc
705 2015 882 2092 pernicibus
896 2016 953 2077 alis
1005 2039 1009 2046 ·
1049 2008 1106 2074 llla
1119 2009 1407 2091 rsec‚rlustriadem
1428 2015 1541 2076 cecidit
1559 2035 1659 2096 quum
1674 2017 1756 2079 Dura
1776 2015 1855 2076 laces-

232 2098 296 2156 Ulla
309 2097 505 2156 laborantum
521 2095 649 2176 pertulit
663 2117 736 2154 aura
750 2117 849 2156 sonos.
1780 2117 1854 2168 sens,

186 2179 265 2239 llum
279 2200 366 2253 vere,
382 2188 512 2246 natura,
530 2180 591 2239 tuis
604 2198 670 2236 suin
687 2177 769 2238 solus
783 2179 816 2236 in
831 2177 932 2254 talaris,
1092 2177 1196 2238 lililitis
1207 2176 1313 2236 ultrici
1326 2187 1396 2236 sunt
1409 2198 1492 2236 sacra
1506 2177 1576 2240 laesa
1587 2199 1696 2240 manu.

235 2263 269 2320 lu
283 2262 463 2340 gremioque
479 2263 552 2321 tuol
564 2259 648 2320 liene
662 2261 820 2318 tremenda
836 2259 927 2320 modo
1049 2261 1192 2338 Antiquae
1209 2269 1308 2320 turres
1329 2262 1420 2318 etiam
1436 2281 1519 2319 nnnc
1540 2261 1672 2322 vulnera
1684 2269 1853 2336 monstrant,

189 2343 390 2417 docleatem,
403 2341 461 2402 ahl
478 2343 568 2420 nigro
582 2339 654 2400 ritae
669 2343 818 2420 percussit
831 2343 934 2421 imago
1094 2339 1260 2400 fulmineis
1272 2351 1434 2400 remanent
1445 2362 1513 2421 quae
1526 2361 1599 2403 cara
1611 2343 1696 2403 facta
1707 2342 1792 2402 tubis.
1905 2349 1907 2428 p

233 2427 365 2499 Somno,
381 2424 462 2485 valle
474 2423 564 2483 simul
577 2424 789 2503 precipitante
804 2443 896 2481 ruens
913 2421 926 2482 i
1048 2415 1143 2482 Ferro
1166 2421 1249 2482 Dura
1270 2443 1339 2482 snos
1357 2433 1422 2483 tum
1439 2424 1526 2483 flevit
1546 2434 1697 2504 vastaque
1720 2421 1852 2484 flammis:

190 2506 294 2579 Puris,
309 2507 406 2583 alma,
421 2507 483 2566 tuis
499 2506 577 2564 milri
592 2508 719 2583 vitaque
731 2505 838 2584 purior
848 2507 930 2580 aris,
1009 2579 1016 2586 ·
1090 2507 1229 2565 Serretes
1243 2525 1357 2585 paucos
1367 2505 1449 2566 fama
1463 2513 1583 2565 vetusta
1605 2507 1711 2567 refert.

224 2593 345 2668 Speque
364 2589 542 2667 cissimisque
555 2589 664 2665 rigens
683 2587 749 2648 laeta
765 2585 901 2666 iuventa
917 2585 1011 2646 redit.
1048 2587 1088 2671 ᾼῑ
1103 2596 1243 2648 sanctum
1257 2585 1399 2665 fragmen
1410 2597 1574 2647 veneratus
1588 2591 1693 2650 vietor
1707 2588 1817 2656 iberus,
1906 2653 1907 2666 χ

187 2674 358 2744 Aelernum
381 2681 481 2730 mutat
506 2671 597 2730 linem
622 2690 824 2748 normamque
845 2669 989 2729 voluntas
1001 2711 1013 2746 ,
1089 2670 1125 2728 In
1141 2669 1364 2728 franciscorum
1379 2671 1490 2729 exaede
1501 2670 1655 2748 flagrante
1667 2670 1751 2730 tulit.

231 2759 398 2814 Aeternum
410 2754 497 2812 solita
510 2753 592 2814 facta
606 2761 774 2831 necantque
788 2752 868 2812 viee:
1049 2751 1133 2811 Dura
1148 2761 1235 2814 tuum
1250 2750 1366 2810 laribus
1377 2751 1479 2831 parvis
1492 2753 1599 2812 eduxit
1614 2754 1768 2813 amicum:

188 2835 233 2912 Tu
254 2837 378 2916 juvenis
409 2855 589 2914 semperque
614 2835 723 2907 noris,
749 2843 880 2908 natura,
905 2832 1013 2911 figuris
1091 2833 1148 2892 Hic
1164 2835 1227 2910 egit
1238 2835 1310 2893 vitae
1323 2833 1417 2894 lustra
1431 2829 1584 2913 quaterna¹
1596 2829 1670 2896 suasa
1905 2878 1906 2910 p

230 2917 360 2977 Pulchra
373 2960 381 2988 ‚
393 2920 443 2998 pie
454 2917 554 2994 legem
569 2927 650 2976 casta
665 2915 740 2976 eolis
754 2917 889 2976 veterem
902 2939 910 2990 3
1049 2915 1104 2976 Hic
1117 2916 1197 2978 mihi
1211 2914 1297 2976 nulla
1312 2915 1539 2996 licetsuperent
1553 2917 1852 2994 monumentaparen-

194 3002 295 3080 lisque
306 3000 413 3062 eadem
424 3001 515 3073 ,fidis
530 3019 630 3059 serras
642 2999 803 3073 manibus,
818 2998 876 3056 tibi
895 3015 1016 3074 nugam
1778 3004 1851 3058 tum,

151 3081 153 3086 ’
225 3083 333 3144 lnfsrns
344 3082 517 3141 crediderat
532 3102 598 3160 quae
609 3080 796 3160 juvenisque
807 3128 814 3154 ,
827 3081 895 3140 viro
1092 3076 1180 3138 Nulla
1193 3077 1265 3138 licet
1279 3086 1424 3159 superent
1437 3079 1568 3160 praedia,
1583 3081 1670 3141 nulla
1683 3080 1803 3148 domns3

187 3167 288 3246 Usque
304 3185 366 3224 uno
376 3167 475 3224 varias
486 3175 591 3226 aetates
602 3166 697 3223 ubere
712 3163 827 3222 lactans
844 3187 851 3221 ε
1050 3163 1121 3242 Tam
1133 3181 1199 3220 mea
1209 3161 1288 3220 Dura
1300 3161 1393 3231 aiibi,
1412 3163 1520 3242 Arpini
1531 3181 1626 3240 qnam
1639 3163 1736 3223 dulcis
1747 3157 1851 3218 alumno

230 3251 301 3322 Quae
316 3249 432 3306 distant
446 3248 558 3324 longe,
574 3246 720 3328 junctave
732 3245 818 3307 soecla
833 3243 954 3317 fluunt,
1096 3243 1195 3302 Natali
1208 3245 1320 3302 mansit
1332 3243 1404 3303 villa
1419 3253 1546 3322 paterna
1558 3246 1635 3306 solo.

189 3330 359 3406 Caeruleum
394 3339 597 3410 spectantque
622 3328 729 3408 polum
756 3343 942 3406 campusque
964 3322 1016 3383 ri-
1052 3326 1216 3398 Ingenium
1229 3327 1343 3385 teneris
1355 3327 1407 3385 hic
1417 3325 1534 3385 cultum
1549 3329 1649 3386 crevit
1660 3326 1699 3386 ab
1712 3320 1833 3406 sirmis,⁸

854 3455 858 3460 .
887 3414 1011 3480 rentes,
1093 3406 1152 3466 Hic
1175 3407 1276 3466 schola
1299 3416 1370 3466 sunt
1384 3429 1479 3488 parvo
1493 3409 1672 3490 templaque
1688 3413 1756 3466 uota
1771 3395 1851 3465 mildi
1903 3417 1904 3442 ³

231 3493 344 3572 Solque
375 3493 498 3562 etiam,
535 3511 597 3563 en,
630 3489 718 3548 uobis
749 3489 852 3564 ridet,
883 3489 1013 3548 llomere
1053 3487 1814 3567 HicBramerusludiqueruladenaremagister,

848 3572 933 3629 tirus!
1094 3571 1169 3630 llum
1182 3591 1271 3648 nugae
1286 3590 1396 3650 pueros
1409 3570 1456 3630 vel
1473 3593 1526 3633 sua
1536 3595 1629 3654 pensa
1644 3571 1763 3643 tenent,

1053 3649 1178 3712 Solenni
1190 3653 1319 3732 psalmos
1339 3653 1489 3714 recitabat
1502 3675 1587 3714 more
1599 3655 1756 3724 sacerdus3

1001 3761 1002 3768 ¹
1098 3736 1172 3794 Nam
1188 3737 1273 3816 pius,
1295 3735 1414 3814 ingenii
1429 3756 1487 3796 nec
1499 3739 1683 3798 nimisacris
1698 3741 1776 3804 erat;
1807 3807 1813 3820 ι

1055 3818 1218 3882 Interdum
1234 3827 1336 3877 tamen
1352 3816 1404 3876 ille
1416 3819 1496 3898 pigri
1508 3821 1679 3879 nimiumve
1690 3823 1816 3896 proterat
1840 3811 1843 3820 '

947 3909 950 3930 ¹
1001 3921 1003 3928 ·
1053 3973 1056 3980 ι
1096 3899 1763 3980 Intergumdurofunemanumqueferus.
1819 3967 1825 3981 ι

539 4041 545 4054 ,
792 3980 795 3988 ’
1056 3990 1094 4049 At
1116 3992 1234 4061 portam
1249 4003 1339 4063 supra
1354 3981 1403 4042 leo
1420 3991 1486 4042 tum
1500 3985 1696 4060 volucrisque
1709 3978 1851 4039 ronanus.

403 4041 470 4125 (³ld
487 4059 630 4100 imminu·
643 4039 678 4099 Α·
696 4035 810 4116 183Ο·)
999 4087 1001 4094 ·
1096 4066 1187 4144 Signa
1198 4065 1342 4143 palatinae
1357 4065 1475 4146 sculpta
1490 4065 1578 4126 fuere
1589 4064 1715 4140 domus5

1057 4150 1149 4225 Queis
1162 4150 1223 4207 raon
1239 4146 1338 4207 invita
1349 4147 1412 4228 legi
1426 4149 1563 4227 subjecta
1574 4147 1726 4206 llinerva:

192 4243 275 4308 Felir
288 4239 460 4302 Bituitinni
475 4239 650 4316 interpres„
664 4235 773 4304 docte,
790 4229 962 4292 Thelander
970 4277 980 4308 ‚
1097 4230 1173 4290 Fixa
1186 4229 1307 4290 hoercnt
1322 4231 1426 4291 animo
1439 4249 1523 4290 nunc
1534 4243 1661 4309 quoque
1673 4223 1763 4288 verba
1777 4225 1835 4296 13100
1848 4222 1854 4257 ²

234 4322 520 4387 Ger-ruanisllhodii
535 4320 716 4398 denigrare
737 4315 933 4393 versisque,
1050 4315 1157 4396 'Uncus
1180 4330 1233 4372 uec
1258 4331 1399 4373 auruncus
1422 4329 1546 4383 suenus,
1573 4332 1608 4371 re
1632 4321 1765 4372 rnorecrr
1789 4308 1851 4366 rut,

188 4409 361 4472 Perfectum
381 4403 555 4485 proelomox
571 4400 770 4460 mandaturus
792 4396 831 4457 ad
841 4414 1000 4476 unguem5
1099 4397 1252 4455 (laesurus
1276 4411 1397 4456 sssrucrs
1411 4411 1436 4452 st
1456 4411 1726 4454 armaturarum.
1781 4455 1808 4474 Ι,

233 4494 393 4550 victurum
411 4506 476 4545 sera
492 4485 673 4565 posteritate
686 4481 824 4542 librom:
1059 4479 1177 4560 Quippe
1206 4486 1334 4540 movent
1357 4477 1483 4560 gravius
1512 4477 1656 4557 quaedam
1689 4453 1855 4556 jucundabat

193 4573 381 4634 ldunererne
406 4569 524 4628 dudum
548 4573 695 4626 consueto
717 4561 832 4624 blanda
855 4565 1018 4622 vacantem
1767 4548 1853 4602 Μ’
1899 4559 1900 4617 l

236 4656 318 4724 Otia,
334 4661 451 4712 naturae
462 4649 643 4726 delieiaeque
662 4647 776 4722 berum
797 4685 801 4693 =
1051 4691 1054 4698 .
1075 4677 1077 4682 ·
1098 4641 1137 4704 Et
1150 4651 1256 4722 pectus
1270 4639 1396 4722 scriptas
1410 4651 1510 4704 serrat
1523 4649 1559 4702 ut
1572 4659 1633 4702 aare
1649 4642 1744 4716 notas.
1770 4707 1777 4720 ι
1839 4659 1843 4669 ’

195 4737 234 4797 Et
251 4734 499 4815 carnmspatrism
519 4734 610 4811 jurat
624 4739 655 4790 et
668 4729 781 4822 cidisse
803 4723 1017 4806 propinquos,
1050 4711 1103 4784 ''lile
1124 4743 1248 4804 quoque
1273 4723 1338 4800 sic,
1361 4727 1469 4804 patriae
1492 4741 1590 4806 quum
1614 4725 1694 4802 tecta
1711 4706 1854 4806 ¹resumate

191 4892 194 4897 Ι
224 4820 269 4879 'Et
287 4819 392 4898 prime
404 4825 556 4896 qnantum
571 4809 855 4877 reststenrcitie„
909 4865 912 4872 .
1692 4844 1696 4858 v
1779 4794 1852 4844 ‘⁰¹³⁶

192 4899 272 4980 Ergo
288 4903 404 4960 iterum
423 4900 538 4959 dictam
554 4897 592 4960 de
615 4895 874 4958 assuescamus
886 4887 996 4950 rsrbem
1011 4929 1020 4961 ,
1101 4875 1194 4982 llult‘a
1207 4895 1361 4980 ‘moneam
1381 4877 1506 4968 juvenis
1530 4887 1600 4968 quis
1623 4880 1770 4978 fuerim}
1784 4861 1854 4946 puer·

233 4982 387 5063 Sulphure
405 4988 536 5042 (etentes
549 4998 611 5058 qua
621 4978 704 5038 bibit
721 4995 803 5054 aeger
820 4993 937 5052 aquas;
1061 4971 1101 5033 Et
1112 4969 1194 5052 subit
1206 4989 1346 5030 rnnocuae
1361 4970 1515 5049 quondam
1530 4990 1600 5050 quae
1611 4962 1808 5062 semitarrlaes

198 5068 325 5153 Quasque
358 5065 470 5128 eadem
489 5061 637 5144 reetpasic
661 5069 707 5126 est
728 5056 865 5146 jucunda
887 5050 1026 5120 valenti,
1105 5052 1141 5130 Et
1154 5051 1236 5154 subit
1250 5053 1367 5128 amissis
1381 5053 1570 5140 ingemuisse
1579 5053 1693 5146 bcn1s5
1897 5049 1898 5123 l

530 3703 667 3724 ..n-—

264 3870 323 3908 tutta
339 3861 483 3907 crucam
499 3863 611 3904 atratis
624 3864 687 3907 stlldl
702 3857 752 3902 ΡΙΑ
764 3861 841 3902 nasa
854 3859 940 3902 ΗΒΘ.

1900 3953 1902 3994 l
