3878 5718
875 295 914 354 97

57 401 118 462 cut
130 417 254 460 numesn
262 397 365 476 potius
378 397 452 466 stibi
466 397 882 476 quem,-doctissirnel’sulsi;
920 401 974 458 Ast
987 397 1032 459 illi
1044 407 1134 462 vmnt
1144 409 1268 460 senices
1288 401 1449 464 cucurbita
1461 401 1572 484 pellem
1586 447 1597 480 ,

57 486 91 542 Si
105 503 180 546 rnen
194 479 270 560 quid
285 477 696 558 tenuispulchrogsudeutis
715 481 806 540 uruioi
919 479 977 538 Per
991 487 1097 542 tenues
1107 481 1201 541 rimus
1213 527 1223 558 ,
1233 482 1354 542 fuciunt
1368 503 1444 564 quns
1459 487 1574 568 scalpra
1596 485 1734 570 minutnq

57 563 153 624 bleso
168 569 264 641 quest
285 561 400 657 cepisse
406 579 512 622 eurem
520 569 717 640 mentemque
731 561 884 638 sugncem'l
921 559 1092 624 Cessentem
1104 581 1216 640 sugens
1225 582 1289 623 uon
1303 565 1388 624 mitis
1414 565 1527 628 hirudo
1542 587 1696 632 cruorem.

58 644 189 786 incipis
205 652 241 702 tu
250 649 358 722 petrum
371 661 552 716 msqucrum
565 641 701 702 osrmine
714 651 821 704 vatum
919 639 969 701 Sic
977 661 1074 724 aegros
1086 643 1180 707 multi
1192 642 1332 705 relevent
1360 653 1542 724 torquentve
1555 649 1693 718 labores,

55 726 127 786 ssu
153 725 228 787 ebes
242 743 350 786 susum
360 723 453 782 hstiis
466 723 583 784 inferre
593 725 763 786 Gemoenis:
920 723 1000 796 Quos
1013 723 1089 785 elios
1098 723 1153 784 elii
1162 725 1299 784 ridemus
1315 745 1395 806 saepe
1416 727 1573 809 ferentes,

57 809 204 890 Aspice,
222 825 280 885 eqe
293 849 305 880 ,
318 813 350 866 et
364 803 476 866 uostris
494 813 525 866 te
537 805 649 884 nugis,
674 824 769 886 parve
781 803 885 865 feren-
921 801 958 864 llt
971 803 1086 866 bostra
1099 808 1243 881 miseros,
1256 805 1349 886 longe
1366 817 1398 868 et
1418 808 1556 887 diverse,
1571 812 1737 892 jubemus,

362 922 366 936 .
802 893 884 958 tem,
920 884 1349 966 Utpulsisugiteutmediein
1375 889 1452 967 quin
1466 891 1530 970 ipsu
1546 890 1657 973 jocosis

59 971 87 1032 Δ
102 967 257 1048 gravibus
269 965 369 1028 lessus
379 985 498 1028 recrees
511 986 608 1046 quum
620 975 744 1047 pectore
758 968 840 1027 curis
856 1009 865 1042 ,
922 965 1055 1046 llospitis
1069 967 1194 1046 oblique
1208 977 1289 1028 torto
1301 968 1382 1032 boue
1394 968 1459 1030 filis
1475 970 1554 1032 eollo

59 1051 227 1113 mucuns
242 1048 393 1129 numquid
406 1057 511 1110 tenere
524 1047 572 1110 vel
582 1067 657 1110 voce
668 1067 824 1108 moremur
840 1090 850 1122 ‚
921 1044 975 1106 list
996 1057 1200 1126 argumento,
1226 1049 1321 1129 putris
1334 1051 1411 1131 quid
1420 1049 1530 1114 balneo
1549 1055 1676 1134 possint.

58 1131 127 1192 ileo
142 1131 240 1192 nimis
249 1131 359 1210 (egroti
373 1150 454 1204 ,nec
466 1131 506 1190 ab
516 1128 603 1192 omni
613 1139 701 1210 perte
717 1128 863 1190 valentes.
921 1126 983 1188 ltec
995 1129 1099 1190 minus
1124 1129 1245 1192 interes
1267 1149 1389 1212 sperare
1407 1131 1484 1194 binc
1503 1137 1634 1215 quisque
1657 1133 1740 1194 salu-¹

59 1215 190 1294 Quippe
207 1221 310 1276 cutem
324 1209 451 1274 thermis
462 1257 475 1287 ,
491 1220 538 1274 set
558 1221 644 1273 recto
656 1230 784 1292 corpore
791 1256 802 1286 ,
823 1211 885 1273 du·
1650 1224 1712 1276 tem
1726 1260 1738 1290 ‚

809 1290 885 1354 dum
921 1287 959 1349 Et
982 1291 1077 1350 vsriis
1101 1298 1223 1352 tsntsrs
1251 1291 1363 1354 modis.
1396 1291 1461 1372 ligo
1478 1294 1617 1374 simplice
1640 1315 1712 1356 cure
1724 1338 1742 1376 ,Ι
1863 1321 1867 1334 1

58 1373 217 1438 Curemus
230 1371 560 1448 lncersmmslensm
583 1372 663 1434 mihi
685 1380 887 1452 qustucrsn-
923 1370 955 1430 si
970 1379 1041 1432 cute
1065 1371 1193 1434 decedet
1206 1373 1351 1452 prurigo,
1365 1383 1597 1448 caemrsmnus,

808 1473 889 1532 uos,
922 1450 1070 1531 Experior
1084 1452 1156 1514 :cui
1164 1453 1247 1532 quod
1258 1456 1331 1515 sutis
1347 1465 1393 1517 est
1412 1456 1467 1516 ubi
1482 1475 1572 1518 mene
1587 1455 1741 1518 tributum

61 1537 234 1620 Principiis
243 1540 366 1619 parvis,
381 1533 457 1595 dum
466 1533 600 1616 nopliqc,
613 1534 750 1616 dumque
757 1555 887 1598 menen·
923 1531 1097 1614 Temporis,
1109 1543 1163 1595 sut
1175 1534 1281 1616 paucis
1295 1579 1304 1609 ‚
1323 1557 1482 1599 musarum
1501 1557 1565 1600 nou
1578 1539 1645 1598 sine
1654 1535 1741 1620 lusu¹

823 1625 888 1680 tem
923 1613 1067 1676 Oblector
1079 1614 1167 1676 libris
1179 1660 1190 1692 ‚
1213 1617 1275 1676 nisi
1287 1619 1358 1696 quis
1374 1618 1520 1680 visendus
1532 1617 1658 1680 amicus·

61 1700 241 1762 Contemno
253 1699 425 1768 medicum,
438 1698 566 1777 prurigo
580 1696 688 1756 crescit
698 1694 864 1760 inherens.
923 1695 1026 1770 Qualis
1043 1697 1269 1778 Aquisgrenum
1282 1717 1371 1760 curus
1381 1698 1455 1760 oolit
1467 1697 1573 1760 indole
1590 1717 1675 1774 rere,

62 1779 156 1842 lione
166 1783 265 1860 igitur
275 1779 468 1860 iemovifimi
482 1788 513 1842 et
523 1777 670 1858 sulphure
680 1776 776 1837 fontis
921 1776 960 1837 Et
971 1777 1062 1839 docto
1077 1779 1179 1842 suevis
1193 1777 1271 1838 mibi
1281 1777 1505 1842 Zitterlsudius
1524 1800 1596 1853 ore,

60 1863 184 1924 Ternos
197 1860 635 1942 quoquedieeystbospotsre
646 1856 804 1944 colentes,
924 1855 1099 1937 Candidus,
1121 1869 1154 1920 et
1170 1859 1237 1920 fuci
1257 1860 1380 1940 fugiens
1403 1861 1571 1924 Germanus
1584 1861 1701 1922 insuis-

58 1943 77 2003 1
99 1947 209 2024 sisque
222 1952 392 2006 extructum
402 1943 531 2004 thermis
549 1941 671 2001 sorbere
684 1935 827 2018 jubemur
923 1939 1064 2002 sustam
1087 1961 1158 2002 oum
1181 1939 1266 2000 duloi
1288 1941 1397 2004 soletis
1419 1941 1507 2024 prole
1520 1942 1640 2004 carenti

62 1965 253 2088 tbtvsrson
262 2025 392 2108 sulphur
404 2069 414 2100 ‚
426 2023 592 2105 tepidaque
607 2021 737 2082 lsvsrier
747 2022 843 2084 uude.
922 2017 985 2080 Itos
993 2029 1079 2100 peto;
1091 2042 1225 2103 nemque
1237 2019 1313 2084 deus
1325 2025 1408 2084 ruris
1425 2043 1476 2088 rue
1486 2023 1563 2086 fecit
1575 2031 1746 2094 ementems

62 2102 224 2187 Sulphurs
238 2117 307 2189 post
331 2125 464 2181 mem,
478 2104 618 2185 requiem
637 2122 734 2182 quum
747 2103 885 2166 membru
923 2099 961 2160 Et
974 2102 1420 2185 mirciuritstregiojucunda
1437 2106 1561 2176 nitore,
1650 2107 1657 2120 “

168 2218 170 2222 .
299 2175 303 2242 f
696 2194 887 2264 reposcunt,
920 2177 1104 2264 Pulchrior,
1135 2193 1173 2246 ut
1202 2183 1347 2264 dubites,
1379 2185 1459 2248 sitne
1481 2185 1568 2259 baec,
1590 2207 1632 2250 eu
1662 2191 1746 2244 tectu

57 2264 867 2349 Sundmus‚sqniutspcteruusrnsne,perhorsm
1648 2263 1745 2324 heddi

57 2346 135 2408 Post
148 2357 261 2427 potum
267 2351 393 2410 modice
403 2347 482 2427 xysti
499 2343 556 2408 sub
573 2344 686 2404 fronde
705 2365 865 2408 movemur
872 2390 882 2426 ,
922 2347 996 2418 Qus
1009 2344 1229 2406 circumsidet
1242 2345 1318 2406 beto
1339 2366 1410 2426 pers
1423 2346 1518 2410 alteru
1532 2367 1639 2430 campo

62 2428 182 2490 lenee
189 2429 268 2490 dom
276 2431 410 2510 petimus
421 2451 429 2488 s
441 2429 486 2488 sio
495 2425 580 2486 horis
599 2433 709 2486 cuncte
726 2426 864 2498 duobus,
922 2425 1093 2504 Funditur:
1107 2425 1161 2486 bic
1174 2436 1290 2504 segetes
1298 2425 1446 2507 hortique
1457 2438 1488 2488 et
1501 2427 1633 2508 plurimu
1643 2435 1746 2512 prutes,¹

63 2511 133 2583 Quo
140 2509 246 2572 voluit
257 2510 413 2586 medicus,
425 2515 616 2589 peraguntur
628 2525 725 2567 more.
742 2505 849 2569 stnti
922 2506 1016 2567 llulte
1036 2504 1194 2568 lluitllcxo
1207 2508 1318 2570 ludens
1330 2509 1386 2568 ubi
1404 2509 1531 2590 lympha
1555 2521 1679 2581 mestus

62 2590 280 2663 Prendemus,
296 2595 396 2673 prims
409 2609 584 2663 omnemus3
611 2606 697 2648 emus
714 2589 847 2652 secundo
923 2586 1088 2667 Excipiunt
1097 2591 1210 2668 poesim
1221 2589 1305 2652 clero
1319 2611 1414 2670 quem
1429 2601 1536 2672 stagna
1561 2591 1702 2674 liquore,

63 2673 203 2732 (inciter
211 2681 351 2736 octavum
366 2673 506 2750 sequitur
519 2669 571 2730 vix
583 2668 723 2728 lancibus
736 2669 847 2748 imper.
924 2668 961 2727 Et
974 2667 1041 2748 ripa
1051 2669 1207 2733 viridante
1217 2670 1353 2750 placent5
1364 2679 1397 2734 st
1410 2691 1507 2734 oenus
1517 2673 1663 2754 palustris

69 2751 151 2816 ilem
159 2754 228 2814 viui
239 2743 414 2830 ,rationem
435 2759 495 2825 est,
515 2770 571 2811 cur
590 2768 716 2828 vespere
728 2748 822 2810 nolis.
923 2747 1301 2830 prosequentiumue
1316 2755 1410 2814 comis
1432 2775 1558 2834 proceru
1577 2764 1705 2818 coronet

68 2830 891 2915 Sumeretnntumdern.Sionos,sioplurimuehospes·
924 2828 1057 2910 Populus
1066 2877 1078 2906 ,
1101 2840 1132 2892 et
1152 2835 1244 2893 tacita
1259 2834 1394 2894 condens
1405 2845 1587 2918 nstcygous
1598 2839 1635 2898 iu
1648 2837 1747 2904 undas

63 2915 162 2976 “ldulti
174 2936 311 2996 nemque
322 2916 398 2994 oeqri
411 2923 492 2974 tecto
506 2932 663 2973 versemur
674 2913 796 2974 eodem·
924 2909 1033 2973 hoenia
1045 2910 1099 2972 sed
1114 2913 1230 2974 circum
1248 2913 1492 2992 longomirnbile
1502 2928 1612 2997 regnet

69 2997 108 3058 Εἰ
120 2998 209 3076 lnute
223 3000 294 3058 setis
309 3040 318 3069 ‚
331 3005 364 3058 et
379 2995 466 3074 lcrqu
475 3002 612 3074 potuque
625 2993 772 3071 ciboque,
925 2994 984 3053 Ars
995 2995 1112 3072 spatio,
1137 3015 1235 3074 genus
1259 2995 1424 3059 arboreum
1443 2998 1641 3080 virgultaque
1659 2997 1747 3060 mille

71 3079 109 3139 lu
123 3079 255 3158 genium
268 3077 375 3140 faciles
386 3077 535 3154 ,ignavus
549 3075 689 3138 ducimus
699 3075 800 3135 horus.
926 3075 1096 3154 cespitibus
1115 3095 1224 3136 norme
1238 3077 1377 3155 gaudeus
1405 3082 1521 3140 sociere
1537 3081 1702 3151 britanne,

70 3159 149 3220 Num
160 3151 248 3220 divos
261 3161 391 3222 nimium
403 3175 552 3218 memores
562 3177 617 3218 nos
628 3175 692 3215 esse
704 3155 810 3216 salutis
925 3155 964 3218 Ut
972 3157 1024 3216 vie
1035 3176 1128 3217 curve
1144 3159 1232 3217 novis
1250 3157 1354 3218 oculos
1372 3157 1461 3241 juvet
1477 3181 1577 3241 usque
1586 3155 1707 3242 liparis.

68 3241 180 3304 biensa
193 3251 299 3314 vetut,
315 3239 486 3302 multumve
499 3239 582 3298 viros
601 3257 709 3304 curere
723 3236 890 3300 medentes.
926 3237 1066 3298 Suaviter
1078 3239 1133 3298 hio
1152 3239 1283 3300 viridem
1298 3242 1421 3304 rement
1433 3241 1551 3323 sylvuss
1573 3245 1726 3312 colorem

69 3323 320 3402 Scilicetmgroti
334 3318 602 3398 ,ternisveliorte
617 3320 795 3399 quaternis,
926 3318 1118 3399 Tranquillus
1141 3319 1256 3383 florent
1278 3321 1334 3384 hio
1359 3323 1479 3388 circum
1505 3326 1645 3406 gremius
1668 3325 1750 3406 lym-·¹

69 3405 139 3466 lton
150 3425 228 3465 vere
241 3423 363 3477 sumus,
384 3403 534 3482 exceptis;
545 3399 623 3460 mels
636 3400 687 3460 sed
697 3401 778 3459 bene
791 3395 890 3460 mutu
1648 3407 1725 3489 phas
1739 3429 1754 3489 ᾗ

69 3485 244 3566 lingentes
261 3487 338 3568 nigri
354 3485 445 3546 uobis
464 3480 594 3564 aliisque
615 3482 768 3548 videmur.
926 3481 985 3542 Hic
996 3481 1104 3561 longas
1120 3483 1195 3546 tilim
1209 3485 1552 3550 contexuntfrondibus
1574 3479 1709 3554 umbras.

71 3570 207 3650 Quoque
226 3569 329 3629 minus
340 3567 445 3649 pigent
463 3584 535 3626 cum
556 3572 695 3645 tempore
706 3561 893 3645 perderenu·
928 3563 978 3622 llil
988 3563 1065 3625 adeo
1075 3565 1187 3627 melius
1198 3613 1208 3644 ,
1220 3568 1266 3627 nil
1280 3570 1474 3648 grstiusnrte
1486 3573 1606 3633 videres

803 3663 871 3706 mos
885 3685 896 3719 ,
930 3644 1140 3725 Dispositum3
1152 3649 1206 3708 sed
1218 3652 1288 3730 quis
1302 3651 1407 3713 vincet
1416 3662 1558 3729 ,certnre
1578 3654 1648 3733 quis
1670 3655 1754 3714 ausit

70 3729 142 3790 lton
153 3728 285 3806 desunt,
302 3747 413 3808 magns
427 3727 482 3806 qui
500 3735 608 3788 curent
621 3726 832 3788 srteveleutss
841 3771 854 3800 ,
931 3725 1077 3804 Deliciis,
1097 3737 1208 3790 ustura
1222 3774 1232 3804 ,
1247 3728 1332 3792 tuis?
1353 3732 1425 3793 Pers
1449 3733 1545 3798 sltem
1555 3744 1675 3800 montes

71 3817 136 3873 Aut
151 3830 248 3890 greve
268 3813 322 3892 qui
338 3811 482 3883 focem,
504 3809 571 3870 leve
592 3810 745 3890 quidquid
770 3815 868 3868 tentet
888 3827 895 3862 ε
931 3808 968 3868 Et
985 3807 1078 3870 colles
1098 3813 1233 3889 regionis
1248 3811 1343 3874 hebet
1363 3833 1586 3898 nemorumque
1601 3837 1754 3892 recessus,

728 3899 897 3969 utrumque
931 3891 1016 3960 Unde
1028 3895 1140 3970 petunt
1155 3913 1278 3974 osrupos
1291 3894 1406 3974 liquidi
1420 3917 1492 3958 cum·
1507 3919 1667 3962 murmure
1681 3899 1755 3980 rivi¹

70 3973 221 4054 Turpiter
234 3994 242 4050 3
257 3983 290 4034 st
309 3993 382 4034 sene
401 3969 514 4035 sinceri
535 3970 629 4044 durs,
651 3972 814 4032 fotendum
822 4015 835 4046 ,
930 3971 1072 4040 llusccsis
1092 3973 1222 4036 celerem
1233 3975 1390 4039 volventes
1403 3980 1532 4061 rupibus
1544 3982 1669 4044 undum.

72 4053 221 4116 chditio
234 4055 345 4116 medici
361 4054 561 4129 morborum
578 4073 652 4112 nem
671 4053 729 4112 sibi
749 4050 836 4113 mille
930 4053 987 4114 llio
999 4054 1121 4116 deserte
1137 4059 1247 4136 jacet,
1265 4059 1365 4122 multo
1376 4079 1444 4140 quae
1466 4065 1590 4125 tremite
1605 4065 1710 4128 editur

71 4137 133 4209 Qui
148 4136 549 4218 specieslinqensmiserum
561 4153 594 4194 se
607 4144 709 4195 verset
719 4143 752 4196 et
763 4134 870 4212 eupit.
930 4135 1092 4216 Sylvosum
1106 4136 1186 4199 flexo
1198 4159 1254 4219 per
1267 4141 1383 4204 clivum
1403 4145 1530 4222 entique
1544 4147 1653 4206 ruins·

72 4215 159 4278 Huic
167 4263 181 4292 ‚
191 4216 688 4296 'lucre-contemnensmunqusm
702 4217 894 4297 persuaserit,
931 4217 1117 4278 Francorum
1134 4220 1244 4283 dicunt
1255 4223 1506 4305 Mentem-quem
1519 4227 1602 4288 fumo
1621 4233 1744 4289 vetuste

814 4306 851 4358 ut
863 4317 896 4358 se
931 4298 1067 4378 llirnque
1086 4303 1282 4366 concelebret
1296 4305 1416 4382 ‚medii
1436 4308 1585 4370 miracula
1598 4308 1696 4370 mults

74 4379 149 4441 Esse
160 4388 370 4460 putetsrnusn
383 4404 392 4440 ¹:
407 4399 531 4450 numos,
555 4397 626 4438 mor
652 4380 774 4440 invenit
790 4380 897 4452 idem,
932 4380 1039 4456 Quolis
1051 4393 1124 4443 sunt
1141 4386 1210 4445 sevi.
1225 4387 1339 4448 Suxoso
1359 4387 1516 4466 fragmine
1537 4389 1615 4452 colle

72 4459 199 4542 lldligio
212 4463 264 4521 oui
279 4463 319 4520 sit
332 4462 423 4522 misso
434 4482 501 4522 non
512 4462 594 4520 terre
608 4461 735 4541 pudore.
934 4464 1022 4524 Stant
1033 4466 1111 4525 ercis
1126 4466 1225 4527 Caroli
1236 4467 1342 4547 Magni
1357 4489 1447 4548 :pers
1469 4473 1587 4532 eminet
1605 4471 1676 4534 eltae

72 4541 185 4604 Paucis
198 4552 236 4604 ut
248 4543 369 4604 dicem:
384 4542 492 4610 celidae
504 4543 586 4602 bibit
598 4541 652 4602 bic
668 4543 730 4602 duo
747 4551 868 4619 tresve,
933 4545 1092 4608 Semirutae
1107 4549 1201 4608 turris
1215 4551 1284 4622 ,cui
1298 4559 1408 4611 curtus
1431 4552 1579 4614 udbaeret
1600 4557 1749 4633 utrinque

71 4624 200 4701 Viginti
216 4625 274 4688 bic
286 4625 431 4705 cyathos5
452 4626 592 4686 fervente
612 4622 680 4702 hic,
692 4625 746 4684 ille
757 4633 898 4704 tepente,
933 4627 1083 4688 Extremis
1095 4638 1223 4708 tangens
1232 4629 1368 4714 adlectus
1382 4635 1521 4714 pertibus
1532 4635 1635 4706 aedes,

70 4702 136 4766 Hic
146 4705 283 4786 frigente
296 4707 379 4771 levet
393 4730 402 4782 ς
423 4707 641 4788 vaporerdetrs
664 4706 829 4788 concoquit
857 4705 899 4765 il·
934 4707 1056 4786 llurus;
1071 4720 1103 4771 st
1115 4713 1211 4791 ipsius
1221 4715 1273 4773 vix
1298 4716 1383 4776 intus
1398 4735 1495 4795 peuce
1515 4726 1678 4798 supersunt

342 4795 344 4802 ’
807 4787 892 4864 lum5
934 4789 1202 4862 liuderecsstelli.
1229 4797 1366 4869 Quercus
1381 4797 1522 4856 sublimis
1541 4800 1720 4872 inumbret,

74 4865 371 4950 Prorumpenshuic
384 4871 467 4932 unda
481 4871 557 4931 tubo
569 4868 602 4931 vi
621 4867 748 4930 brochis
767 4889 879 4950 magus
893 4914 902 4946 ,
935 4875 1011 4947 Ques
1023 4872 1144 4940 circum
1154 4877 1288 4955 virgulis
1303 4879 1417 4949 virent.
1428 4877 1487 4938 Hic
1501 4884 1618 4944 rustico
1636 4900 1744 4948 menet

79 4947 217 5013 Crursre
229 4993 238 5028 ,
252 4951 305 5014 vel
327 4953 439 5016 eollo-m
450 4999 460 5032 ‚
479 4952 529 5017 vel
550 4951 666 5015 lentem
679 4951 820 5014 verberet
843 4971 900 5011 su·
937 4955 1177 5029 Cumsosmnis,
1196 4959 1273 5021 sotus
1282 4963 1478 5038 requiescere
1490 4963 1554 5023 eive
1565 4967 1670 5028 ruisse

801 5053 868 5096 rem
889 5056 900 5114 5
936 5036 1033 5122 Inter,
1058 5058 1111 5104 seu
1129 5037 1348 5124 Cereriscupim
1363 5040 1412 5107 vel
1432 5042 1513 5108 done
1536 5045 1631 5190 Lypg.
