3878 5718
171 405 337 488 bastrstts
350 429 425 486 nota
434 427 470 488 ul
483 421 611 488 rmus·
623 461 632 498 ,
642 419 692 484 vel
703 419 835 486 Palladis
843 423 956 506 ingene
1033 425 1071 488 In
1081 439 1169 504 reget
1182 419 1312 504 populus
1323 418 1417 484 stetu
1426 427 1592 520 miquo
1598 419 1740 486 duellum
1757 467 1760 472 -

170 507 276 566 Gloria
291 499 457 590 phtttseoe.
466 516 606 568 veterum
615 503 767 567 eelebrata
778 524 893 585 perora
908 530 918 581 3
1031 505 1131 568 Effera
1143 547 1152 580 ‚
1166 501 1499 586 fasquepsrsnssrmis
1511 521 1641 566 miseere
1653 504 1824 586 nefasque,
1934 537 1935 546 ι

174 589 287 650 sotera
298 607 339 650 ne
351 589 495 652 relereni.
509 590 622 652 'lamen
642 607 679 648 er
689 583 758 662 bis,
770 587 891 649 reddita
904 589 995 648 nobis
1031 586 1270 664 contemnitque
1281 586 1370 658 dens,
1384 592 1416 645 et
1426 583 1535 644 oresoit
1548 581 1637 645 elude
1646 585 1813 648 bonorum.

84 739 87 752 Ι
176 669 993 750 Qumterroeegremio‚quoedam,viden'‚utsstiari
1030 673 1068 730 tt
1081 671 1198 728 tristem
1209 667 1320 728 laniem
1333 665 1410 726 mihi
1421 668 1629 742 vossrertite3
1653 670 1764 736 mentia

176 751 404 831 Gmnlemplaas
420 751 574 834 nequeas?
585 750 705 812 lledioae
718 771 770 812 ssu
781 753 880 828 grstia
890 753 974 815 nuda
1028 751 1110 813 Neve
1123 769 1199 810 mere
1208 749 1332 810 subiens
1344 748 1507 814 eonturbet
1516 747 1604 826 nigra
1612 769 1755 812 surutmu
1767 791 1778 824 ,

175 830 219 892 Te
229 833 370 906 Veneris,
385 835 486 914 Pythii
501 853 554 894 seu
565 843 594 894 le
607 833 733 894 violeris
746 832 869 910 imago,
1028 835 1054 895 t
1068 851 1147 894 atera
1158 831 1324 912 prologum
1333 839 1433 890 vestra
1448 829 1624 892 intuereris
1637 832 1702 892 ritu

174 907 333 994 Pronaque
345 915 511 996 'oomaeque
522 916 591 991 dei,
608 935 729 996 gressus
751 917 897 997 repitque
918 914 995 976 oila-
1027 913 1162 996 Pet-gite,
1182 913 1328 992 Pierides,
1342 910 1728 975 blandomeiallerelusu.

925 1005 993 1061 tua·

173 1043 993 1216 geageminopsterimplieitusnatiquedrsoone5'
1366 1095 1497 1114 ······

197 1178 231 1215 ar
267 1159 355 1219 uibus
369 1181 418 1220 ars
430 1177 496 1221 oevo
534 1161 587 1218 uid
602 1167 773 1220 restaurate
787 1167 912 1220 recente

172 1178 304 1298 Prosilit
318 1239 332 1301 Ρ
344 1247 383 1303 At
395 1241 441 1301 nil
451 1181 603 1302 Paribnii
615 1281 624 1312 ,
638 1241 684 1300 nil
693 1239 787 1320 liquit
799 1240 913 1321 Apellis
1023 1271 1026 1282 ·
1228 1205 1416 1268 Amnum
1434 1199 1638 1267 mmm

174 1311 294 1381 Pariete
307 1323 342 1382 in
355 1323 464 1384 effosso
475 1331 596 1402 tempus
609 1331 678 1403 post
690 1321 798 1384 aeoulu
813 1323 911 1384 multa
1213 1387 1220 1403 ⁸
1374 1385 1402 1402 Η
1447 1381 1454 1402 ,
1596 1353 1603 1398 g
1641 1383 1649 1399 ,

173 1405 235 1461 Aut
249 1417 327 1464 urus
340 1425 463 1466 servans
473 1406 602 1486 picturae
617 1403 755 1484 exempla
769 1413 910 1466 vetustte.
1166 1387 1318 1468 (Ριοιιιηθ
1329 1379 1705 1464 ael'¹¹¹¹⁰¹⁸l0d0³⁰l¹l¹l¹⁰0l

174 1475 308 1562 Insignis
319 1521 328 1557 ,
341 1487 427 1566 quod
440 1486 465 1545 si
477 1494 622 1568 superent
633 1531 643 1563 ,
656 1495 692 1546 ut
703 1485 785 1546 lama
798 1486 937 1562 ,labores
949 1533 960 1560 ,

173 1557 240 1625 lion
260 1568 317 1642 sit,
331 1585 387 1627 our
398 1569 514 1647 pariter
525 1587 580 1628 nos
595 1588 659 1628 non
672 1569 841 1644 miremur,
855 1569 967 1648 opinor
977 1611 990 1644 ,
1025 1572 1133 1649 Artis,
1147 1575 1218 1653 quis
1231 1570 1344 1643 notuit,
1358 1569 1552 1650 eharloeqooe
1563 1569 1656 1649 fingit
1667 1571 1702 1632 in
1712 1587 1777 1631 tere

173 1646 287 1708 &5⁰3³
300 1665 370 1728 ‘1¹2ae
381 1651 597 1731 stupuitque
610 1650 736 1721 Graium
751 1649 846 1711 Rome
858 1651 969 1713 decora
1023 1655 1197 1718 tradendas
1209 1657 1322 1735 speeies
1331 1673 1448 1733 ‚qoam
1465 1651 1527 1712 rint
1540 1652 1674 1730 iusignia
1688 1653 1830 1732 passim,
1936 1647 1937 1716 l

173 1721 311 1802 ingeniis
324 1754 332 1806 3
346 1731 426 1791 ratio
436 1733 635 1812 quantumvis
645 1732 796 1811 discrepet
809 1734 907 1806 artis,
1024 1741 1223 1800 summorum
1247 1755 1356 1796 ananus
1376 1734 1551 1809 srtiflouru,
1577 1733 1705 1814 vulgatu
1723 1735 1851 1816 per'or-
1936 1753 1937 1758 ¹

174 1811 329 1882 Quatenus
342 1814 478 1892 antiquis
492 1811 580 1873 liouit
591 1813 733 1873 conferre
744 1823 901 1889 recentes,
1745 1815 1822 1878 bem
1837 1819 1854 1880 l

175 1891 228 1951 Vel
239 1909 352 1970 genere
364 1896 493 1954 eximios
506 1901 610 1970 tenui,
626 1895 674 1956 vel
688 1896 953 1974 grandescentes:
1024 1895 1089 1960 lion
1104 1900 1257 1980 egodaets
1271 1907 1374 1959 temen
1395 1915 1458 1957 non
1479 1897 1562 1958 inter
1576 1914 1710 1974 rareque
1723 1899 1848 1970 mirer.

175 1973 308 2046 Quorsum
319 1977 510 2056 suspendunt
520 1977 624 2036 oeulos
638 1979 839 2056 animumque
853 1977 990 2054 tabellae,
1024 1983 1111 2057 Quod
1127 1982 1204 2042 milri
1220 1981 1259 2040 de
1272 1979 1380 2060 primis
1391 1976 1674 2058 arrexemptaribus
1691 1997 1792 2041 uuum

173 2055 210 2113 llt
224 2075 356 2133 nequeas
369 2068 519 2139 speetusse
532 2059 625 2131 satis,
640 2061 716 2138 quin
729 2077 809 2137 soepe
822 2079 961 2120 reversus
1025 2064 1153 2124 Eximiae
1165 2061 1278 2123 tabulae
1291 2085 1299 2139 3
1312 2065 1364 2123 rix
1375 2068 1556 2139 argumenta
1570 2059 1691 2120 videres

172 2123 273 2216 lisque
283 2153 365 2202 nort
375 2139 471 2200 veluti
487 2141 617 2220 capiaris
630 2139 765 2218 imagine
775 2138 909 2220 pqlehri.
1026 2145 1112 2206 Inter
1126 2165 1209 2204 saera
1222 2153 1295 2224 typo
1309 2145 1480 2223 quidquam
1492 2141 1661 2221 jocundius
1671 2139 1737 2202 illo.

172 2213 276 2278 tatem
290 2241 339 2280 me
349 2223 476 2280 mentini
486 2223 519 2281 in
534 2230 640 2280 saneto
650 2222 802 2301 stupuisse
811 2223 950 2294 lutuno,
1026 2225 1062 2286 Et
1073 2246 1146 2286 vero
1157 2247 1206 2286 res
1218 2236 1263 2286 est
1275 2272 1282 2298 ‚
1294 2235 1456 2286 troototam
1469 2227 1578 2305 asapius
1589 2243 1654 2284 esse

173 2300 282 2362 Divina
298 2302 403 2362 labala
419 2302 563 2376 ,celum
580 2322 751 2382 praecursor
758 2301 850 2378 lesu,
1026 2309 1089 2382 Qua
1101 2327 1162 2368 non
1175 2307 1358 2368 crediderim
1379 2308 1498 2382 magnis
1512 2305 1683 2388 pictoribus
1694 2303 1791 2366 ullum
1808 2330 1819 2384 ς

175 2385 235 2455 Qui
247 2393 397 2444 monstrat
410 2385 527 2463 digito,
543 2386 631 2464 qussi
642 2384 687 2444 sie
700 2393 729 2444 to
743 2403 817 2446 rooe
829 2391 989 2462 moneret:
1025 2388 1145 2467 Religio
1156 2409 1213 2449 neu
1228 2389 1321 2450 habet
1333 2389 1446 2448 Christi
1457 2435 1466 2464 ,
1478 2388 1562 2468 quod
1579 2386 1689 2447 celsius
1703 2433 1710 2460 ,
1725 2389 1801 2447 imis

173 2463 241 2523 ¹Jam
257 2485 368 2524 nunoa
384 2469 474 2526 terris
488 2486 541 2524 oor
551 2467 590 2524 ad
604 2466 738 2527 ooelestia
752 2463 854 2526 vertel
1025 2473 1174 2550 Quodque
1185 2473 1224 2530 sit
1235 2481 1270 2530 ut
1281 2473 1407 2531 summis
1419 2470 1546 2550 simplex
1558 2479 1589 2530 et
1601 2470 1725 2528 suavius
1738 2490 1803 2529 una
1818 2517 1829 2543 ‚
1937 2511 1938 2544 ι

175 2545 290 2624 Nempe
302 2550 338 2605 ee*
351 2548 399 2608 ris
411 2547 559 2617 babitus,
575 2567 610 2608 ea
624 2547 707 2608 mitis
716 2548 783 2608 fusa
796 2567 935 2608 serenam
1025 2553 1282 2633 Quampeeudum
1298 2555 1331 2612 in
1342 2553 1466 2614 stabulo
1475 2561 1556 2612 uasta
1568 2551 1607 2610 de
1619 2551 1742 2628 virgins
1752 2562 1848 2614 natm
1937 2549 1938 2590 ἶ

175 2625 280 2686 Gratia
295 2647 349 2708 per
370 2628 505 2688 frontem
519 2653 527 2704 ;
542 2649 687 2708 superum
707 2631 751 2688 sie
764 2629 885 2690 oonsoia
900 2627 990 2711 regni
1024 2636 1167 2696 Servatur
1180 2636 1287 2694 mundi
1299 2682 1306 2707 ‚
1318 2635 1386 2694 eruli
1397 2638 1548 2713 ‚jussuque
1560 2633 1693 2694 ministri

113 2738 120 2744 -
173 2709 231 2782 Ora
240 2709 336 2770 vides.
347 2709 490 2788 degener
503 2710 644 2772 mirabile
657 2730 761 2775 nonno
771 2712 905 2790 videtur,
1024 2717 1104 2777 Laeta
1119 2738 1205 2776 suam
1217 2718 1312 2796 pubes
1323 2719 1529 2776 uireumstans
1542 2716 1657 2775 rustica
1671 2732 1799 2792 regem3

173 2790 282 2870 lgnota
294 2811 342 2850 ars
352 2794 460 2872 priscis
470 2793 574 2853 tabula
583 2813 678 2872 quum
690 2793 782 2871 fingit
791 2813 867 2854 aena
1023 2797 1087 2860 Marx
1099 2846 1107 2875 ,
1121 2797 1206 2858 stella
1220 2797 1368 2870 ducente,
1381 2795 1524 2876 mugient
1537 2797 1618 2856 dona
1631 2795 1767 2856 ferentes

172 2872 244 2933 Tam
258 2873 643 2954 pulchrasspeeies,nullo
658 2875 834 2955 nitidasque
845 2873 948 2934 eolore
982 2937 990 2950 s
1024 2881 1210 2953 rideant,et
1222 2881 1309 2959 pueri
1326 2879 1469 2960 prostrati
1484 2899 1600 2939 numen
1614 2875 1757 2938 adurunt.

47 2967 50 2974 ’
172 2953 255 3014 que
266 2975 334 3016 suas
348 2951 466 3016 tanturn
479 2957 592 3016 formas
606 2959 772 3035 distinguit
781 2967 812 3017 et
826 2957 960 3016 umbre?
1023 2961 1067 3024 Ex
1082 2963 1130 3021 bis
1141 3009 1149 3037 ,
1160 2963 1292 3022 nescires
1301 3001 1310 3036 ‚
1326 2974 1430 3022 utrum
1445 2963 1484 3021 sit
1494 2962 1618 3022 suevius
1630 2969 1756 3032 ‚utrum

171 3035 234 3096 lleo
244 3039 346 3096 minus
359 3039 434 3096 bino
447 3038 573 3118 capiunt
584 3039 649 3102 raeli
663 3039 810 3100 miracula
821 3047 947 3099 eunetis
1023 3045 1138 3104 Inrilet
1151 3045 1248 3121 magis
1257 3043 1392 3104 atilioem
1411 3067 1418 3102 ι
1433 3063 1526 3121 qaam
1543 3041 1657 3114 laudo,
1672 3042 1786 3124 prioris

174 3117 292 3200 lnelyta
300 3130 468 3198 pergentes
478 3142 485 3180 ι
496 3125 714 3200 quaequamvis
723 3122 987 3202 plurimasummt)
1022 3127 1072 3185 list
1087 3127 1260 3202 argumenti
1278 3127 1404 3205 rarique
1418 3124 1529 3184 tabella
1541 3123 1669 3184 laboris.

171 3189 309 3262 l’roierot
321 3204 447 3280 ingenio
461 3214 582 3262 oertans
593 3204 714 3263 solertia
728 3227 737 3275 ς
749 3223 873 3264 suavem
1022 3202 1056 3270 ln
1072 3207 1207 3280 stabulo,
1221 3199 1310 3287 etajns
1321 3216 1439 3268 tectum
1448 3207 1488 3267 ds
1498 3205 1646 3266 stramine
1655 3211 1744 3283 perte

169 3285 239 3358 Non
249 3300 306 3364 ego
320 3286 352 3345 ltt
365 3285 486 3346 eximiis
496 3284 633 3346 dubitem
648 3303 830 3359 numerare,
850 3282 946 3364 puelli
1021 3290 1122 3349 Murus
1133 3335 1140 3362 ‚
1152 3299 1239 3368 quarte
1251 3288 1310 3348 alis
1325 3297 1497 3368 sustentent
1510 3289 1611 3366 lignes
1626 3286 1726 3346 fulera
1737 3329 1748 3360 ,

169 3362 221 3426 Est
235 3369 313 3428 mibi
327 3387 396 3446 quse
411 3367 524 3426 Christi
538 3379 671 3444 pastores
684 3369 766 3426 inter
779 3369 899 3443 imago:
1024 3373 1061 3431 ln
1071 3371 1124 3432 vili
1137 3373 1237 3432 uernis
1250 3391 1353 3449 panno
1365 3370 1539 3450 stipulaque
1549 3368 1704 3450 puellum,

168 3446 277 3530 Baucis
289 3443 342 3508 hio
355 3450 533 3526 adsequens
549 3448 757 3528 desripturos‚
771 3449 810 3508 ab
825 3448 889 3527 ipsa
1024 3454 1060 3513 ln
1074 3454 1168 3513 multu
1180 3493 1191 3525 ,
1203 3454 1320 3512 eireurn
1330 3473 1423 3532 quam
1439 3453 1566 3523 fundit,
1585 3451 1654 3510 luoo
1660 3451 1820 3530 jacentem
1836 3467 1849 3522 ζ

169 3529 248 3594 llum
261 3541 296 3590 'rb
310 3531 465 3606 dilet10t5
481 3527 604 3608 pulohri
613 3531 755 3589 seduoltw
770 3549 896 3600 umore,
1023 3537 1161 3597 Luminis
1174 3544 1328 3595 auotorem
1341 3535 1438 3594 seneli
1448 3580 1456 3609 ,
1467 3533 1648 3610 fontemque
1657 3530 1767 3590 astutis

168 3611 226 3692 Ber
238 3615 402 3692 'eonjun‘ola
416 3613 500 3689 'vagis
510 3614 662 3672 meditans
673 3612 746 3670 dum
757 3612 894 3690 passibus
902 3626 982 3689 erro,
1021 3615 1163 3676 Protinus
1174 3616 1311 3676 hunuano
1320 3619 1427 3688 generi
1442 3635 1504 3695 quo
1515 3633 1640 3676 nosoere
1649 3613 1756 3694 possis.

167 3693 358 3774 Prinoipium
369 3695 456 3776 parvi
470 3695 553 3772 quod
564 3695 709 3754 earmittis
720 3712 785 3752 esso
796 3692 954 3769 valebunt,
975 3715 984 3734 ·
1023 3701 1060 3758 Αι
1071 3706 1164 3777 eaput
1175 3697 1208 3757 in
1222 3699 1287 3756 nati
1302 3717 1400 3776 prono
1413 3707 1474 3758 stat
1484 3717 1612 3776 eorpore
1624 3702 1744 3766 susten,

167 3775 229 3839 Vix
243 3775 367 3837 landem
389 3777 457 3837 vidi
478 3774 513 3835 in
532 3776 660 3858 longum
673 3773 753 3836 mihi
765 3793 902 3836 urescere
914 3793 986 3836 our·
1022 3773 1188 3840 Pulvillum
1211 3778 1353 3840 manibus
1367 3779 1522 3849 relevans,
1538 3779 1697 3857 haeretque
1706 3773 1826 3856 padioo

163 3917 169 3932 ⁴
505 3925 506 3932 q
888 3876 983 3940 meu,
1022 3862 1167 3922 Demissis
1178 3861 1274 3920 oeulis
1284 3863 1318 3922 in
1328 3863 1538 3942 oaropigaore
1549 3861 1646 3922 voltu.
1769 3903 1772 3912 ·

166 3938 240 4003 Pa'r‘s
249 3943 351 4000 minor
358 3947 394 4000 tot
406 3939 495 4000 fleret
504 3939 641 4002 breviter
650 3943 779 4001 'traotata
793 3935 904 4000 tabella
920 3961 930 4014 q
1022 3944 1158 4022 Virginis
1171 3945 1208 4004 ad
1222 3944 1360 4003 dextram
1374 3943 1503 4024 loseph,
1516 3943 1634 4004 defixus
1645 3937 1778 4011 eodem,

114 4017 121 4026 ’
163 4023 229 4100 lieo
236 4024 315 4081 bene
325 4025 389 4100 jam
402 4030 503 4082 totum
517 4023 599 4083 binis
610 4031 769 4094 constare;
780 4039 896 4098 suoque
1021 4025 1148 4086 Fervida
1159 4025 1320 4105 profundit
1330 4035 1483 4085 commoto
1496 4034 1621 4106 psotore
1632 4031 1724 4092 rote,

166 4103 335 4165 satistuto
349 4102 466 4182 placuit
489 4105 659 4186 sejunctam
674 4123 789 4184 ponere
809 4112 983 4184 utramque.
1022 4107 1262 4189 conjunctisque
1275 4107 1384 4166 sedeas
1398 4108 1504 4186 digitis
1514 4115 1609 4188 atque
1620 4123 1675 4166 ors
1686 4098 1844 4184 presenti.

167 4187 242 4247 llam
254 4207 303 4246 mo
315 4187 444 4246 ridenlio
454 4197 576 4250 neotum
589 4199 645 4266 ‘per
656 4183 789 4264 gurgitis
804 4185 920 4264 undas,
1020 4190 1079 4249 llos
1091 4193 1174 4251 inter
1185 4209 1319 4270 praesepe
1335 4189 1458 4251 adstant
1471 4207 1566 4270 propo
1579 4189 1635 4249 bos
1647 4183 1800 4246 etassttus

161 4257 324 4348 'curvoque
334 4269 515 4332 lt'tslra'nl'em
525 4271 611 4330 vario
619 4265 764 4329 ‘ditiineta
775 4265 880 4346 lepore
1021 4271 1057 4332 In
1071 4291 1200 4353 puerum
1215 4273 1296 4332 versi
1308 4315 1320 4345 ,
1332 4271 1424 4332 densa
1439 4289 1516 4351 quos
1526 4272 1626 4352 pietur
1640 4269 1674 4328 itt
1687 4266 1797 4329 umbra

161 4350 281 4412 ‘Littera
292 4398 301 4428 ,
311 4354 377 4430 jam
392 4350 485 4430 longe
495 4355 528 4412 in
538 4361 660 4432 portum
672 4369 809 4410 remeare
821 4347 982 4426 relietum,
1021 4352 1070 4414 Sio
1080 4354 1159 4414 oelat
1172 4355 1306 4432 sapiens,
1315 4353 1427 4413 'avidas
1442 4362 1477 4413 ut
1489 4353 1595 4417 edesse
1606 4348 1735 4412 ridendi

159 4437 266 4515 Atque
286 4433 412 4494 modum
441 4436 545 4496 deoui't
568 4433 763 4508 meruimus,
786 4439 817 4492 et
836 4433 982 4494 oartuinis
1020 4435 1076 4496 Vel
1092 4435 1223 4516 penades
1236 4455 1356 4510 cernas,
1373 4429 1634 4513 pieturaesinguls
1648 4447 1805 4511 quaerens.

188 4581 190 4590 ,
289 4569 295 4582 .
871 4525 979 4580 artem.
1019 4519 1059 4577 tr
1076 4536 1192 4597 sponsat
1204 4527 1309 4576 eontra
1321 4517 1621 4588 insimulantium,
1633 4521 1755 4573 tuentes

157 4577 200 4678 f‘At
212 4593 277 4670 ros,
292 4596 426 4656 Pierides
435 4627 445 4672 =‚
458 4603 602 4658 euroram
616 4593 736 4674 pergito
745 4592 881 4666 nubem,
1019 4589 1162 4660 Divinum
1177 4601 1210 4658 in
1223 4597 1358 4677 prolem,
1372 4607 1529 4678 pastorum
1543 4597 1653 4671 turbs,
1666 4593 1787 4654 relictis

155 4677 229 4738 ‚Otia
241 4679 316 4738 duan
327 4683 473 4756 superant
482 4725 495 4754 ,
509 4678 623 4738 blando
637 4675 790 4758 depellere
800 4675 882 4736 lusu.
1014 4683 1129 4742 'Oraues
1142 4684 1195 4759 qui
1209 4681 1355 4759 gregibus
1368 4697 1403 4740 re
1416 4683 1493 4740 mira
1509 4679 1625 4744 lumina
1637 4685 1785 4758 pereunt,

159 4758 254 4820 Fidus
267 4781 352 4820 eram
365 4769 472 4824 tenera
483 4760 634 4840 'verbisqui
645 4761 747 4818 oultor
759 4757 798 4818 ab
812 4775 899 4835 tero,
1017 4765 1128 4824 Sensus
1138 4764 1269 4842 quisquo
1282 4783 1365 4836 suos,
1379 4764 1475 4824 variis
1484 4762 1644 4832 uatibus,
1659 4777 1714 4818 ore

152 4841 298 4914 =lut'e'sto,
312 4843 353 4902 ah
368 4890 376 4916 ,
391 4843 469 4904 mibi
483 4863 523 4902 ne
536 4844 641 4902 desitis
653 4851 811 4920 tempore,
832 4839 911 4902 dive
926 4839 934 4903 l
1015 4851 1058 4905 Ao
1071 4855 1134 4905 tolo
1146 4845 1276 4924 protlsus
1287 4844 1398 4905 babitu
1413 4865 1422 4904 ι
1437 4843 1522 4906 leutos
1532 4845 1628 4922 magis
1637 4839 1731 4915 illos,

157 4920 205 4982 En
217 4923 334 4988 instant
346 4924 467 4988 lunesto
479 4925 605 4986 brevem
619 4933 686 5008 post
698 4920 779 4982 bellu
792 4923 928 5000 quietem
941 4966 952 5005 ,
1012 4927 1070 4986 llos
1084 4929 1180 5006 magis
1192 4931 1338 4988 attonitos
1349 4927 1472 5006 penitus
1486 4921 1799 5007 molosquevitletus,

150 5004 382 5146 gequsitmum
396 5007 527 5076 intendo
537 5007 681 5074 turbatur
691 5005 816 5066 nomine
830 5012 923 5070 torsa.
1010 5008 1163 5088 listraque
1173 5008 1330 5070 solventes
1338 5032 1347 5084 ς
1361 5008 1500 5071 senisse
1514 5005 1665 5068 mirabitis
1674 5001 1735 5080 ,atta

183 5083 851 5194 rbertss‚frseuoseeptrburrapturi'toluto,
1006 5089 1283 5173 ¹imprimis'fa‘eies.
1296 5083 1679 5172 ngaerospunepuellto
1709 5107 1713 5112 ·
