3874 5726
139 472 200 542 Et,
214 466 325 528 sterilis
339 508 348 539 ‚
364 475 486 524 servant
499 509 507 540 ,
520 487 587 544 quo
602 469 748 530 toleretur
761 473 859 534 hierus
876 500 882 534 :
1004 472 1045 531 Ex
1062 467 1125 530 allo
1138 467 1252 527 celeres
1262 466 1367 526 littora
1380 473 1444 524 tuta
1458 471 1586 543 petunt,

97 554 253 630 Festaque
278 569 333 628 per
347 567 440 628 pagos
454 547 612 609 celebrant
630 552 761 628 genialia
778 581 784 614 :
798 559 926 636 jamnus
962 552 1194 629 clamoremque
1204 548 1429 624 ferunlmergi,
1443 545 1621 624 stagnisque
1630 543 1748 602 relictis

139 633 297 711 Frigidior
315 650 377 690 nox
397 637 463 704 est,
481 630 507 690 it
526 631 712 712 breviorque
726 637 802 698 dies.
873 623 886 640 ⁵
1004 634 1102 693 A'rdea
1124 653 1155 691 se
1175 633 1291 709 eampis
1310 629 1419 706 intulit
1438 627 1601 699 mtbereis;

96 721 135 782 ln
153 717 299 774 brumam
310 720 458 796 vergente
473 720 556 794 antro
569 716 689 774 rediere
703 721 842 798 pruinae,
929 737 931 756 ¹
963 717 1033 776 Sive
1050 734 1139 792 grues
1149 714 1219 772 imis
1233 713 1361 792 fugiunt
1376 711 1432 772 sub
1443 710 1576 772 vallibus
1588 709 1721 778 imbres,

140 799 179 856 Et
201 796 285 856 foliis
304 793 397 854 arbor
417 795 619 856 statviduals
634 799 696 857 suis
718 824 724 858 :
1003 799 1105 876 Atque
1119 797 1206 855 avida
1219 797 1382 854 humorem
1395 793 1508 854 bucula
1521 810 1597 852 nare
1610 791 1727 862 trahit,

96 879 264 958 vergentis
277 877 391 958 species
404 878 496 948 vitae,
512 877 686 959 gelidaeque.
695 892 823 942 senectae
835 908 856 945 ς-
962 879 1038 940 Dum
1047 879 1182 960 pluviam
1193 874 1641 961 eornirquevocat,pelsgique
1650 873 1788 932 volueres

143 963 211 1022 lam
232 961 333 1038 Boreae
348 959 436 1018 tellus
453 959 577 1019 flatibus
589 961 696 1022 horret
708 965 801 1024 iners.
1008 963 1163 1021 Certantes
1177 961 1261 1038 largo
1276 959 1353 1019 colla
1366 959 1488 1038 liquore
1500 958 1622 1030 levant3

97 1045 150 1104 Sic
170 1045 293 1102 varians
311 1063 431 1118 annue,
449 1042 572 1102 varians
583 1065 707 1124 quoque
721 1058 807 1123 grata
824 1049 886 1110 diei
966 1045 1046 1103 Strix
1060 1044 1137 1102 inula
1152 1064 1204 1102 seu
1220 1049 1329 1100 contris
1341 1043 1434 1100 iterat
1445 1040 1595 1100 redeunte
1610 1049 1717 1096 serene
1738 1079 1746 1111 ,

141 1127 193 1185 Est
206 1125 300 1184 facies
311 1147 318 1196 ;
330 1143 437 1183 croceo
450 1144 541 1184 mane
554 1126 656 1186 colore
667 1129 762 1199 redit,
813 1197 818 1200 ,
1005 1127 1041 1186 Et
1052 1135 1191 1206 repetens
1201 1125 1308 1184 nidum
1323 1133 1448 1200 gutture
1458 1140 1569 1182 corvus
1581 1129 1664 1180 ovat.

97 1209 137 1268 Et
167 1208 254 1266 suavi
265 1205 364 1286 sylvas
378 1206 479 1286 pingit
494 1217 673 1287 montesque
686 1211 786 1272 nitore
802 1259 810 1286 ,
837 1240 842 1249 =
930 1257 932 1266 .
963 1203 1280 1286 Noominor'ingenio
1292 1252 1298 1282 ,
1310 1206 1484 1265 dulciiloro
1494 1204 1662 1263 neemiam·
1675 1205 1747 1273 ore,

142 1291 315 1368 Sparsaque
327 1289 494 1366 gemmanti
512 1292 650 1368 gramina
664 1313 734 1351 rore
749 1295 866 1372 vigent.
1004 1290 1116 1349 Natura
1130 1299 1165 1349 ut
1179 1298 1300 1350 movent
1313 1286 1427 1370 rustica
1439 1287 1528 1346 corda
1541 1328 1549 1357 ,
1560 1287 1662 1352 canit,

97 1371 205 1452 Liquit
233 1371 390 1448 humum,
411 1369 545 1452 loetoque
566 1372 692 1434 vibrans
720 1375 815 1435 ruelos
838 1401 890 1448 ore
910 1431 921 1460 ,
963 1372 1175 1445 Queisvirides
1185 1370 1478 1450 campiqueplacent
1487 1368 1641 1448 sylraeqoe
1652 1364 1786 1440 silentes,

637 1467 640 1480 ’
763 1471 901 1526 renatam
915 1513 925 1538 ‚
1003 1453 1162 1514 Pascentes
1175 1473 1257 1513 curm
1271 1455 1359 1533 queis
1371 1471 1457 1512 arum
1470 1453 1553 1510 inter
1569 1469 1640 1508 ores
1655 1469 1662 1507 a

140 1533 220 1592 Aere
235 1552 266 1591 se
278 1531 416 1610 librans,
432 1543 536 1595 cantat
547 1535 657 1598 alauda
671 1537 764 1600 diem.
963 1537 1062 1610 Qu'um
1077 1557 1177 1595 sacros
1187 1546 1291 1615 pastor
1304 1555 1399 1615 prope
1413 1535 1514 1594 fontes
1529 1533 1645 1610 frigora
1661 1538 1786 1610 captui,

100 1613 139 1674 m
151 1615 232 1673 duro
244 1635 363 1694 gnavus
374 1623 469 1676 strato
482 1637 513 1676 se
525 1617 604 1677 tollit
616 1629 719 1680 arator
732 1667 741 1692 ,
1009 1619 1064 1678 Cui
1081 1619 1201 1697 placido
1212 1615 1336 1677 somnos
1349 1637 1510 1678 rnnrmure
1519 1615 1705 1690 suadetapis
1717 1615 1742 1707 3'

139 1695 178 1755 Et
194 1695 312 1756 dociles
326 1697 456 1758 veniunt
471 1699 526 1758 sub
541 1697 613 1780 juga
629 1703 729 1782 panda
744 1705 848 1770 boves.
965 1698 1027 1760 Aut
1042 1701 1180 1778 querulis
1198 1702 1310 1760 misero
1325 1708 1472 1759 resonant
1486 1698 1610 1757 arbusta
1626 1695 1741 1754 cicadis
1753 1740 1765 1767 ,
1805 1741 1807 1744 .

102 1777 212 1836 Lenior
233 1777 413 1852 adscendit,
437 1780 537 1841 medio
558 1783 602 1842 sol
620 1785 694 1844 orbe
712 1785 844 1852 calorem
1002 1783 1063 1842 dut
1075 1783 1149 1860 legit
1162 1783 1265 1842 ardori
1278 1780 1369 1843 florea
1381 1781 1460 1842 serta
1471 1801 1537 1840 suo.
1563 1781 1567 1788 ’
1613 1781 1615 1786 ’

145 1859 285 1938 llupiieat
300 1885 307 1919 :
323 1863 440 1921 erranti
452 1849 601 1941 quaeritur
612 1867 720 1926 umbra
736 1875 821 1950 gregi
834 1898 843 1947 3
960 1865 1023 1936 En,
1043 1867 1203 1944 strepitum
1214 1865 1315 1924 llornae
1323 1863 1444 1924 flaccus
1455 1862 1630 1939 molemque
1643 1858 1784 1936 reliquit,

101 1940 269 2020 Lassaque,
295 1943 449 2003 ferventes
467 1945 631 2007 excludens
645 1951 767 2028 sepibus
777 1955 856 2018 ictus
868 2004 881 2034 ,
1000 1947 1099 2006 'l'aedia
1112 1969 1171 2026 qua
1181 1947 1317 2006 Thuseus
1326 1946 1440 2026 pellere
1448 1945 1546 2004 nescit
1556 1963 1659 2022 eques.

139 2022 279 2083 decubat
290 2024 330 2082 ad
343 2024 418 2084 viles
429 2027 541 2087 rustica
556 2031 647 2092 turba
659 2031 760 2112 dapes,
959 2028 1073 2108 Nempe
1087 2039 1155 2089 tuos
1172 2031 1303 2107 quaerit,
1317 2038 1421 2100 vates.
1437 2027 1547 2088 natura
1559 2071 1570 2098 ,
1583 2035 1718 2084 recessus
1732 2063 1742 2097 ,

98 2103 148 2164 Sol
166 2106 248 2177 ruit,
270 2115 399 2167 etseras
418 2108 562 2188 obliquus
575 2121 724 2192 temperat
737 2117 840 2196 ignes,
1000 2111 1074 2170 Cum
1100 2111 1192 2172 lautis
1212 2113 1325 2171 mensis
1345 2112 1541 2188 deseruitque
1562 2107 1700 2174 Chloerta

136 2187 175 2245 Et
195 2207 283 2247 roseo
307 2190 391 2247 mitis
409 2189 527 2250 lumine
547 2214 655 2275 vesper
675 2197 770 2260 adest.
957 2193 1148 2272 Tiburnique
1167 2215 1262 2273 vagus
1281 2193 1516 2253 collesuairatur
1530 2201 1561 2251 et
1574 2191 1717 2262 umbras,

95 2263 255 2328 Flammea
270 2279 335 2329 turn
349 2273 480 2332 rutilant
493 2295 548 2354 per
558 2286 664 2338 noctes
676 2279 762 2357 signa
775 2281 899 2348 silentes
912 2330 922 2362 ,
999 2276 1037 2334 Et
1050 2295 1135 2336 saera
1148 2276 1296 2358 Albunem
1307 2296 1377 2374 quae
1391 2284 1478 2334 sonat
1489 2275 1571 2334 unda
1586 2273 1677 2332 domo
1689 2295 1699 2349 5

138 2350 177 2408 Et
190 2351 289 2430 fulget
304 2362 401 2412 certas
411 2353 485 2414 luna
500 2367 654 2437 noratque
667 2361 770 2422 vices:
956 2355 1087 2418 Numida
1102 2361 1233 2420 miratur
1244 2359 1372 2438 trepidis
1383 2359 1519 2438 potueris
1532 2357 1607 2416 rivis
1618 2396 1629 2428 ,
1733 2355 1737 2363 '

95 2431 241 2506 Scilicet,
255 2434 508 2516 aeternis‘jurenis
526 2431 636 2502 natura
652 2441 777 2518 figuris,
997 2440 1034 2499 Et
1054 2460 1124 2518 quae
1138 2443 1177 2501 de
1190 2441 1405 2522 saxislympba
1421 2441 1532 2508 aniene
1544 2439 1618 2498 ruit.

137 2513 271 2592 Legibus
284 2525 433 2579 aeternum
446 2528 506 2580 stat
516 2523 633 2583 variata
648 2528 721 2584 suis.
955 2520 1032 2582 Ecce
1047 2565 1055 2594 ,
1076 2525 1154 2582 mari
1169 2524 1326 2606 lassusque
1340 2525 1417 2594 viis,
1431 2521 1463 2580 di
1479 2521 1593 2581 blanda
1609 2521 1737 2578 seneetae
1781 2592 1784 2594 -

94 2595 147 2654 Nil
170 2597 246 2658 adeo
266 2618 321 2676 par
335 2609 379 2659 est
399 2601 535 2662 humana
549 2615 652 2666 mente
662 2618 816 2686 repertum
830 2636 838 2672 ε
855 2647 857 2654 ,
874 2654 877 2664 .
996 2605 1078 2666 Dent
1092 2648 1100 2678 ‚
1121 2614 1208 2681 orat,
1223 2607 1324 2665 sedem
1338 2597 1459 2665 Tiburis
1472 2607 1545 2665 alva
1557 2596 1654 2662 mete!
1753 2677 1774 2690 ..

139 2679 261 2738 lllisceat
276 2701 311 2738 ac
330 2680 562 2762 ludat,fertilis
581 2687 645 2768 ipsa
661 2688 754 2763 licet,
955 2687 1035 2763 Quid
1070 2705 1261 2761 memorem,
1282 2689 1392 2748 mundi
1425 2705 1502 2766 quos
1533 2705 1619 2746 nausa
1646 2685 1778 2774 reosullt

94 2758 187 2820 Illius
200 2783 248 2820 ars
260 2765 375 2822 mirans
390 2765 504 2828 formas
513 2813 526 2843 ,
543 2769 750 2850 simulansque
764 2773 896 2856 leporem
906 2825 918 2854 ‚
1636 2767 1751 2824 11111111
1765 2754 1779 2820 i

136 2842 196 2902 Par
219 2855 318 2903 tamen
334 2847 494 2924 ingenium
510 2872 625 2929 ponere
638 2857 735 2914 nescit
748 2877 836 2934 opus.
956 2883 957 2887 ,
994 2849 1119 2912 Naturae
1137 2855 1370 2914 eunetisnonne
1382 2852 1534 2931 flagrabat
1545 2849 1656 2934 amori

92 2921 230 3001 Fingere
240 2946 373 3006 namque
386 2927 452 3008 ejus
467 2931 559 2992 solers
574 2934 736 2998 simulacra
756 2937 897 3015 laborat,
954 2933 1052 3011 Quid,
1067 2945 1260 3016 tempestates
1272 2938 1347 2996 anni
1358 2953 1450 3014 qnam
1466 2943 1570 2994 mente
1583 2926 1739 3018 profunda

137 3009 269 3086 Quoqu'e
288 3009 389 3069 minus
404 3013 522 3084 differt,
546 3036 594 3074 ars
609 3019 706 3096 magis
720 3018 783 3099 ipsa
796 3021 918 3102 placet,
994 3016 1183 3078 fhomsnn'us
1196 3061 1204 3092 ,
1215 3026 1290 3090 aut,
1304 3027 1392 3078 terne
1406 3037 1468 3097 qus
1482 3017 1631 3098 Vauierus
1644 3023 1734 3092 opes,

91 3085 203 3147 Neritis
214 3099 245 3149 et
257 3111 374 3152 arcanae
389 3094 564 3176 divinaeque
576 3099 686 3160 aemula
698 3122 835 3180 normae,
954 3101 1018 3175 Qua
1039 3121 1180 3166 normam
1192 3147 1200 3178 ‚
1220 3119 1336 3178 mores,
1349 3119 1473 3181 operam
1487 3096 1665 3178 complexus
1674 3109 1781 3169 agros·

137 3169 232 3248 Vult,
250 3192 302 3231 sua
323 3185 441 3236 naturae
457 3179 517 3238 sint
528 3181 615 3256 quasi
625 3182 708 3242 faeta
722 3205 835 3247 manu:
966 3203 975 3220 ⁸
1681 3185 1747 3234 ¹⁰⁰¹
1765 3198 1775 3250 i

91 3251 145 3310 Sic
157 3254 251 3328 rivos,
264 3253 369 3326 colles,
383 3277 453 3318 curu
468 3262 595 3339 rupibus
606 3272 756 3344 antraque
768 3269 876 3350 fingit,
994 3264 1072 3340 Quid
1093 3285 1260 3326 memorem
1274 3285 1398 3339 versus,
1412 3263 1496 3325 culte
1511 3261 1554 3322 us
1572 3259 1667 3335 bille,
1687 3268 1778 3337 tuos,
1864 3263 1867 3275 ¹

136 3335 186 3392 Sic
203 3334 366 3416 fontesque
388 3359 476 3400 suum
491 3335 701 3424 disposuitque
715 3370 834 3413 nemun
953 3348 1009 3422 Qui
1024 3347 1125 3420 ruris,
1142 3351 1227 3409 suari
1240 3350 1371 3429 pingens
1384 3349 1518 3428 vivoque
1531 3343 1654 3417 colore,

91 3416 178 3488 Quid
191 3435 305 3476 vanum
319 3429 449 3480 tentasse
460 3421 545 3506 juvat
557 3423 571 3485 i
579 3426 693 3508 Nempe
705 3430 797 3491 altior
810 3445 878 3496 arte
995 3428 1187 3506 Delioinsque
1207 3432 1313 3508 doces,
1329 3431 1510 3508 deliciisque
1523 3427 1586 3486 frui
1598 3423 1615 3485 1
1714 3457 1718 3466 ·

140 3499 188 3556 Est
207 3507 316 3559 natura
339 3505 401 3562 suis
413 3507 539 3584 prodiga
557 3507 674 3570 deliciis
685 3533 693 3582 ς
955 3511 1032 3586 Quid
1047 3519 1187 3572 tenerum
1199 3513 1299 3574 dicam
1311 3514 1417 3574 divina
1429 3520 1531 3571 mente
1544 3509 1736 3576 Petrarcami.

90 3578 250 3640 Grandior
261 3590 305 3640 est
315 3588 428 3663 speeies
435 3634 442 3662 ,
456 3609 508 3648 sua
521 3610 616 3668 quum
630 3594 776 3654 miracula
788 3599 916 3679 pandit,
996 3595 1115 3672 Quique
1126 3597 1191 3673 pias
1205 3595 1285 3670 acies
1298 3597 1530 3672 Erminiamque
1545 3592 1628 3649 canit
1645 3609 1653 3658 ;

135 3661 260 3720 Dulcius
273 3665 311 3722 ad
322 3686 425 3727 scenas
441 3690 493 3728 cor
505 3682 605 3732 movet
616 3673 694 3734 alma
712 3696 791 3738 suas.
953 3677 1016 3736 Aut
1037 3677 1162 3751 magicis
1170 3723 1179 3753 ‚
1200 3679 1335 3748 Adeste,
1351 3680 1412 3736 tuis
1424 3685 1535 3736 natura
1547 3671 1656 3750 figuris

89 3743 220 3802 AEternc
238 3766 333 3822 qnare
352 3749 434 3808 illius
448 3755 593 3833 castoque
606 3756 717 3816 ‹leeora
792 3797 793 3804 1
965 3783 967 3792 ⁴
994 3759 1030 3816 llt
1045 3758 1148 3826 mille,
1166 3767 1200 3820 ut
1213 3761 1299 3819 miris
1313 3755 1625 3836 ludatimaginibns'l

134 3824 184 3882 Nil
196 3827 310 3886 excelsa
323 3829 429 3914 vident
439 3833 598 3913 pulchrius
608 3838 752 3916 ingenia;
780 3903 785 3915 ,
910 3883 913 3896 ,
954 3843 1018 3917 Qun
1032 3833 1139 3918 patriae
1152 3859 1200 3900 me
1211 3863 1294 3900 musa
1309 3859 1399 3910 meae,
1421 3861 1482 3920 quo
1494 3849 1600 3919 pectus
1611 3852 1715 3895 amore
1725 3874 1737 3904 ,

90 3905 206 3965 Sensus
220 3929 279 3986 qua
290 3914 431 3988 penitae,
443 3909 565 3995 penitus
577 3932 770 3998 quapeetora
785 3923 916 4004 mulcet,
963 3937 966 3946 ’
994 3921 1131 3982 lleiixum
1145 3924 1178 3981 in
1194 3923 1314 4000 magnis
1328 3943 1389 4001 qno
1404 3925 1486 4002 rapis
1501 3921 1634 3996 infflniis
1648 3915 1661 3975 Ρ

131 3989 222 4084 'blanc
234 3991 377 4070 ma'gn'am
392 3997 423 4072 in
445 4007 547 4058 salicta
570 3989 765 4080 simplicitate
778 4006 894 4066 colunt.
953 4005 1018 4064 Non
1033 4024 1103 4082 ego,
1119 4005 1264 4064 sublimes
1277 4007 1387 4065 anirum
1398 4053 1406 4083 ‚
1418 4002 1565 4064 miracula
1577 4009 1694 4060 tentem

88 4070 312 4152 Scilicet'ante
334 4096 439 4135 omnes
450 4089 571 4150 valum,
586 4103 662 4160 quos
673 4107 756 4146 musa
766 4091 908 4162 sacravit,
995 4087 1099 4146 Vestra
1119 4108 1173 4165 per
1190 4090 1315 4165 exiguos
1325 4097 1487 4164 attenuare
1498 4085 1613 4144 suedos.

133 4153 281 4214 Naturam
302 4161 441 4244 sequitur
455 4162 710 4244 concelebratque
732 4169 853 4231 chorus.
953 4169 1019 4229 Non
1033 4187 1089 4245 ego
1110 4181 1228 4228 naturae
1241 4171 1371 4229 referam
1386 4179 1433 4239 te,
1446 4167 1593 4228 Schillere
1605 4213 1612 4238 ‚
1624 4162 1656 4222 in
1670 4159 1750 4220 ulnis
1767 4203 1775 4232 ,

89 4233 244 4294 Suavilius
262 4238 326 4316 ipsa
343 4243 456 4300 etenim
472 4245 585 4321 gaudet
599 4249 711 4309 sociata
726 4253 876 4320 Canroenis
995 4251 1030 4308 Et
1043 4271 1119 4328 quos
1130 4252 1287 4330 arinpleaus
1302 4259 1406 4311 mutua
1419 4251 1541 4309 flamma
1553 4248 1656 4319 dedit;

133 4317 263 4379 Divitias
279 4341 384 4380 ornares
411 4327 591 4404 explicuisse
615 4351 694 4389 suas.
954 4331 1019 4390 Non
1033 4333 1109 4390 mihi
1126 4334 1172 4391 fas
1183 4353 1270 4394 sacvae
1282 4334 1452 4412 fugientem
1464 4333 1502 4391 ab
1516 4332 1652 4408 imagine
1665 4326 1736 4384 vite
1769 4339 1772 4347 '

88 4397 147 4457 llla
161 4401 298 4460 nnir'num
312 4406 420 4464 aeterni
438 4417 555 4468 vastum
569 4409 717 4490 percussit
734 4415 856 4474 llorneri
865 4438 875 4494 5
995 4413 1119 4474 Naturae
1139 4417 1171 4474 in
1193 4408 1345 4496 gremium
1358 4435 1432 4474 voce
1445 4415 1561 4474 referre
1572 4426 1650 4471 rn'ea.

133 4481 206 4554 Quae
221 4483 303 4544 canit
318 4483 449 4559 heroas,
466 4489 549 4550 hanc
562 4493 649 4552 dccet
659 4494 712 4554 illa
725 4496 835 4576 lyram.
873 4501 879 4517 “
954 4493 1037 4554 Felix
1046 4541 1055 4571 ‚
1069 4515 1161 4574 quem
1176 4489 1293 4568 musas,
1308 4507 1425 4558 naturae
1443 4495 1575 4576 gaudia,
1594 4491 1693 4562 felix,

89 4561 266 4630 Necminus
276 4569 418 4629 ausonias
432 4571 560 4632 adflavit
574 4577 705 4636 numine
717 4599 836 4640 musas:
994 4576 1120 4638 Pectore
1140 4599 1232 4658 quem
1245 4600 1323 4658 puro
1338 4582 1429 4658 jussit
1442 4597 1544 4638 narare
1556 4577 1631 4635 deus
1647 4572 1653 4632 1

133 4641 190 4706 llla
206 4646 287 4706 souis
302 4649 418 4738 spirat,
442 4653 492 4712 die
510 4665 620 4734 poeta,
637 4660 719 4736 tuis,
953 4659 1041 4719 Veris
1062 4659 1116 4720 ilie
1134 4661 1223 4720 bonis
1236 4663 1369 4736 fruitur,
1383 4662 1498 4740 fugisse
1513 4667 1673 4740 potentum

88 4727 151 4799 Qui
165 4746 266 4786 rerum
281 4750 386 4790 causas
400 4743 565 4814 ortumque
575 4739 757 4820 obitumque
771 4740 916 4819 canebas,
995 4743 1111 4802 Limina
1124 4763 1195 4821 quae
1210 4746 1319 4804 nimias
1330 4746 1515 4821 divitiasque
1528 4741 1637 4800 solent.

132 4807 170 4866 Et
189 4810 291 4872 nullos
312 4812 474 4876 hominum
489 4819 579 4878 rebus
594 4822 693 4881 inesse
712 4824 794 4883 deus.
915 4865 918 4878 ,
953 4823 1010 4884 Illa
1034 4825 1121 4884 dedit
1136 4827 1213 4888 lasso
1227 4829 1386 4907 requiem,
1401 4825 1508 4885 solatia
1523 4831 1652 4892 moesto,

83 4887 148 4948 Illa
170 4891 262 4952 etiam
283 4897 389 4974 magni
408 4897 595 4962 formaverat
611 4923 663 4964 ora
679 4905 808 4966 Neronis
825 4943 834 4984 ‚
993 4905 1030 4967 Et
1042 4906 1104 4966 leni
1115 4918 1202 4968 sanat
1215 4909 1345 4972 vulnera
1359 4927 1490 4989 qumque
1502 4927 1614 4980 manu;

129 4970 174 5040 Ul
183 4979 429 5039 voees'numeros
441 4984 689 5064 exprimeretque
702 5008 789 5046 suos:
954 4987 1009 5046 llla
1030 4988 1126 5049 animi
1141 4991 1218 5051 urata
1233 4994 1362 5072 castigat
1375 4992 1579 5068 tenebrasque
1593 4995 1733 5046 serenat:

15 5113 16 5134 p
84 5053 147 5118 Seu
160 5100 170 5132 ,
195 5067 288 5121 vento
308 5059 386 5124 fretu
406 5067 503 5144 quum
525 5067 626 5148 subite
640 5080 784 5152 surgente
799 5077 914 5128 turries·
993 5071 1049 5132 llla
1064 5073 1170 5133 odium
1181 5084 1212 5134 et
1224 5075 1367 5136 miseram
1378 5073 1472 5151 sopiit
1481 5072 1633 5132 invidiam
1646 5091 1654 5143 ;

201 5139 207 5148 ’
559 5167 561 5170 ·
741 5169 746 5180 ·
817 5162 913 5233 coiit,
952 5152 985 5212 El
1000 5155 1132 5217 tumidos
1152 5156 1271 5218 domuit
1284 5155 1397 5229 fastus,
1418 5157 1615 5240 atqueunius
1630 5167 1734 5211 esuries
