3874 5726
895 306 916 368 9

65 401 223 494 Vanaque
233 413 317 494 qaod
327 413 443 494 placuit
454 414 545 476 eoecis
560 412 711 494 sapientia
722 453 733 486 ,
746 412 846 474 locem
966 412 1019 472 Est
1034 410 1213 474 cathedram
1236 433 1303 476 rara
1319 433 1381 474 noa
1396 413 1462 473 sine
1473 411 1564 476 laude
1580 421 1697 476 lenens.

110 499 183 571 Quae
205 496 339 556 tenebris
358 497 456 574 jactat
477 517 509 555 se
521 497 669 575 reperisse
683 514 808 556 nevam.
925 494 1002 554 Ecce
1013 539 1026 566 ,
1035 494 1087 554 alii
1102 515 1218 573 sneguae
1230 498 1426 559 moderamen
1438 495 1575 557 ereditur
1588 496 1686 558 urbis.
1701 530 1741 544 -

64 576 167 638 Parvo
182 578 326 638 mortales
336 586 486 656 quantum
501 587 658 644 mutamur
669 576 701 635 in
716 597 782 638 tero
796 579 803 636 Ι
967 575 1087 636 Salrele
1097 618 1105 646 ,
1117 596 1135 635 o
1148 622 1156 652 ,
1169 578 1272 637 decori
1285 598 1362 658 quos
1378 577 1435 636 sibi
1452 577 1533 638 Dura
1546 577 1618 637 tulit
1630 581 1638 638 l

110 665 224 719 Sensus
239 669 273 718 ut
288 669 333 718 est
348 659 431 718 urrini
448 657 662 740 judiciumque
676 679 763 719 suurn
778 661 785 716 l
926 663 984 722 llos
997 659 1152 738 popularis
1163 679 1253 736 amo,
1271 661 1357 720 robis
1368 679 1425 738 ego
1437 660 1572 736 gaudeo,
1583 673 1702 722 mnsam

61 732 626 819 Qusmmihisunl3olimiuerunlquse
634 739 890 816 magnaminnla,
966 744 1179 802 Immemorem
1193 743 1288 802 rcslri
1300 762 1361 800 non
1373 743 1461 820 decet
1476 761 1540 800 esse
1550 760 1666 814 meam;

110 826 211 899 Quem
239 824 320 900 lere,
345 843 438 902 quaur
458 823 539 882 nihil
558 831 619 892 est,
639 820 725 902 quod
741 823 803 882 fuit
816 832 890 882 ante
925 825 1096 885 Teutonicae
1115 833 1313 882 monumenta
1331 822 1403 902 lyrae
1417 822 1472 900 qui
1487 823 1565 881 celsa
1581 823 1678 882 latino

293 903 307 914 ⁸
772 909 889 981 gravei
966 908 1040 976 Ore,
1057 905 1181 982 suisque
1192 925 1282 965 ausus
1298 926 1364 964 sum
1379 905 1520 962 retulisse
1533 905 1642 966 modis.

64 987 138 1066 Ipsa
151 984 264 1045 docent
275 987 369 1046 dnnae
381 984 424 1044 sic
438 985 661 1059 meselemia,
673 986 848 1063 quondam,
926 989 988 1047 lloe
998 986 1074 1044 mihi
1088 989 1127 1045 sit
1137 1007 1232 1065 parvo
1246 987 1365 1061 laudis,
1379 983 1495 1065 majora
1507 987 1620 1046 seculis

111 1069 184 1142 nh,
208 1069 340 1126 nimium
360 1069 440 1125 volis
455 1069 591 1146 leurpora
608 1067 694 1126 tarda
711 1070 804 1127 rueisl
968 1071 1038 1130 Haee
1052 1066 1211 1146 placeant,
1227 1073 1332 1148 patries
1347 1068 1474 1146 quaepia
1490 1069 1571 1127 dous
1586 1067 1665 1129 fero.
1739 1121 1743 1132 ,

61 1148 361 1228 Condensaspopuli
376 1149 510 1208 mirabar
525 1158 559 1208 ut
574 1150 711 1226 undique
727 1151 849 1224 turbas,
926 1151 992 1212 Non
1009 1150 1074 1210 illio
1088 1158 1203 1208 statuas
1223 1171 1307 1210 raras
1323 1151 1456 1229 pielssve
1471 1149 1623 1222 tabellas,

110 1231 299 1312 Templaque
310 1246 365 1310 per
373 1251 515 1310 pompam
527 1232 559 1290 in
593 1230 742 1308 lateisquo
753 1251 873 1296 sacram⁴
881 1275 893 1308 ,
968 1233 1026 1292 Sed
1038 1241 1140 1290 lamen
1150 1235 1307 1301 invenias,
1321 1231 1404 1311 qnod
1419 1233 1599 1309 peregrinus
1608 1251 1702 1290 aures.
1738 1247 1743 1298 t

62 1313 245 1392 Osculaque
257 1314 290 1371 in
305 1322 409 1372 sancto
424 1313 552 1388 figentes
566 1253 719 1390 lli-agmine
731 1311 827 1385 dirae,
927 1314 1065 1392 Namque
1079 1312 1240 1372 homiuum
1257 1334 1377 1385 mores,
1397 1321 1428 1371 et
1445 1313 1549 1372 laudes
1563 1315 1665 1374 nescia
1680 1310 1745 1372 luci

111 1397 207 1476 Cujus
221 1402 279 1454 stat
291 1383 403 1454 llorens
416 1391 499 1472 Dura
511 1395 684 1474 patrocinio
698 1416 706 1453 ε
968 1396 1112 1467 Pectora,
1125 1416 1187 1454 non
1200 1397 1262 1455 ullo
1273 1394 1451 1455 candidiora
1463 1393 1558 1455 loco.''
1740 1459 1744 1464 ,

66 1471 188 1538 Μῆιηε
203 1478 288 1537 varia
302 1471 474 1554 gaudebam
490 1479 523 1536 ul
543 1491 643 1536 meree
655 1475 810 1553 tabernis,
927 1479 1083 1557 Praecipue
1095 1478 1227 1557 propriis
1237 1479 1287 1538 sed
1300 1477 1507 1557 patrisduleis
1516 1476 1662 1550 alumnis,

111 1561 214 1639 thue
227 1559 405 1639 peregrinos
417 1578 492 1618 sure
504 1558 619 1619 bibisse
633 1578 723 1617 sonos
738 1580 747 1632 ς
970 1560 1123 1638 Multaque
1135 1605 1143 1634 ,
1156 1562 1244 1638 queis
1258 1560 1408 1618 aliusnon
1422 1567 1584 1631 teneatur,
1598 1559 1706 1620 hebel.
1738 1619 1744 1630 ,

71 1639 151 1702 diris
166 1651 201 1702 ut
212 1641 303 1700 incisi
317 1640 412 1724 multa
427 1631 601 1702 oblectabat
612 1641 728 1714 imago;
794 1706 796 1714 Ι
928 1643 985 1705 Cui
999 1661 1053 1701 eor
1066 1662 1128 1700 nun
1143 1651 1286 1700 moveant
1300 1661 1395 1722 puero
1406 1640 1471 1700 loca
1487 1645 1576 1714 tritu,
1587 1643 1707 1703 colebat

113 1725 229 1783 Cantus
243 1731 278 1782 ut
292 1732 323 1783 el
339 1741 453 1782 resonae
471 1742 519 1782 me
535 1732 661 1782 tenuere
673 1717 771 1792 lides3
970 1725 1060 1798 Queis
1074 1724 1183 1782 studiis
1198 1742 1316 1796 musas,
1330 1722 1482 1800 religione
1492 1723 1583 1784 deum
1596 1747 1604 1798 ;

76 1804 326 1886 Postqueritrum
334 1824 402 1883 quae
409 1803 605 1884 millcpslent
614 1804 884 1881 miracularerum,
930 1807 1021 1882 Queis
1035 1805 1116 1864 solus
1128 1852 1135 1880 ‚
1148 1806 1282 1884 placidos
1297 1804 1379 1864 inter
1393 1806 1513 1866 seditre
1526 1806 1645 1866 sodales
1658 1852 1667 1881 ,

118 1887 153 1948 lu
170 1896 306 1948 mentem
321 1886 452 1946 redeunt
466 1886 569 1964 qualia
583 1903 663 1964 saepe
674 1877 749 1944 milii
765 1909 774 1958 3
971 1881 1109 1946 Florenti
1122 1887 1155 1945 in
1171 1897 1260 1966 prato
1281 1887 1338 1946 sub
1351 1905 1553 1948 nemorumre
1570 1889 1687 1950 comni

75 1966 269 2029 lllunstranlis
279 1968 573 2046 meruiniulgestus,
583 1969 895 2045 rideoqoerolentem
930 1969 1082 2028 Nimirum
1093 1968 1236 2028 illecebra
1251 1977 1362 2028 natura
1372 1972 1527 2047 potentior
1541 1975 1627 2033 omui
1738 2029 1745 2044 ι

113 2047 344 2113 'Taliu'dcfessis
358 2052 495 2110 carmina
509 2069 600 2110 rauca
615 2049 731 2110 labris:
972 2048 1097 2110 Deliciis
1112 2051 1209 2131 replet
1224 2059 1346 2130 pectora
1361 2059 1434 2111 nata
1446 2053 1527 2128 suis5

69 2133 243 2196 'furcarum
260 2132 347 2210 regni
359 2177 370 2204 ,
384 2131 502 2190 domini
519 2131 713 2210 domitaeque
727 2172 735 2202 ,
752 2129 853 2191 videte
930 2133 990 2192 Sed
1008 2133 1100 2210 louge
1114 2135 1256 2212 lupatria
1270 2134 1316 2192 ris
1330 2133 1396 2210 ejus
1415 2135 1546 2196 maxima
1560 2145 1640 2201 terra
1656 2163 1666 2212 ς

117 2219 208 2276 Nunc
221 2223 313 2296 eaput
327 2230 337 2272 t
350 2213 402 2274 hic
412 2215 514 2272 medio
526 2214 620 2272 multa
639 2215 690 2271 utri
707 2223 793 2292 porta
808 2214 894 2286 luce,
971 2214 1037 2274 Non
1051 2215 1114 2288 ulla
1129 2217 1229 2274 suavis
1244 2224 1306 2274 tam
1321 2215 1396 2273 solet
1407 2236 1471 2275 esse
1484 2216 1583 2296 plaga.
1733 2207 1737 2218 ’

72 2295 171 2378 liegia'
187 2297 306 2358 'Sullani
325 2297 426 2370 sedes;
441 2291 637 2356 llalsomeliee
650 2295 729 2356 celsa
930 2295 1011 2373 Ergo
1020 2317 1077 2375 ego
1083 2298 1234 2372 ,natalem
1244 2307 1337 2375 qnam
1346 2303 1612 2377 saepemrerlorin
1624 2304 1752 2375 urbcm',

117 2381 165 2441 lid
185 2379 292 2440 laevam
310 2380 389 2439 versi
403 2380 522 2438 cernite
536 2377 647 2456 templa
663 2396 811 2453 manuum
972 2380 1054 2438 Rure
1064 2379 1211 2457 frequens
1221 2381 1337 2438 circum
1350 2399 1404 2457 per
1419 2379 1484 2441 loca
1499 2391 1571 2442 nola
1584 2397 1671 2459 meo‘3

72 2459 200 2524 Incedit
210 2463 297 2542 juxta
311 2455 455 2518 solemnis
469 2481 578 2539 pompa
591 2506 598 2531 ‚
611 2459 734 2519 cartrelis
931 2461 968 2520 Et
981 2480 1083 2535 nuuc,
1097 2463 1289 2542 praeteriens,
1306 2463 1359 2520 ubi
1373 2461 1555 2526 functorum
1568 2487 1633 2526 ossa
1649 2469 1752 2545 quies-¹

117 2546 282 2606 Sullanum
295 2544 412 2603 circum
427 2543 515 2601 turba
533 2543 670 2600 ministra
688 2541 812 2601 vehens.
1029 2553 1034 2566 “
1645 2561 1721 2610 cunr
1743 2596 1752 2626 ,

73 2627 213 2687 Plurima
224 2625 394 2696 miramur,
407 2609 497 2684 licuit
511 2624 583 2683 dom
600 2643 695 2702 pauca
710 2623 835 2692 ridere,
972 2620 1102 2684 Molliter
1112 2625 1235 2685 acclivis
1244 2646 1338 2706 pergo
1352 2645 1407 2707 per
1420 2647 1492 2688 arra
1503 2629 1560 2688 soli
1576 2653 1583 2689 ε
1638 2689 1641 2696 ,

119 2712 202 2772 Dum
213 2709 285 2769 vilse
295 2727 392 2786 gyrus
406 2706 543 2766 volvitur
555 2709 694 2784 exiguus.
882 2781 885 2786 Ι
932 2705 1015 2767 Hinc
1026 2707 1115 2766 lturoe
1127 2709 1203 2780 suilli
1218 2719 1295 2768 lecte
1310 2711 1429 2784 niteat,
1442 2711 1570 2789 imoque
1581 2714 1711 2792 perenni

73 2791 223 2852 Arrectus
234 2792 336 2870 stupui
348 2790 391 2848 sic
405 2787 478 2846 olim
492 2834 499 2862 ,
511 2789 647 2848 carmina
660 2808 712 2848 seu
727 2805 819 2866 quem
974 2789 1146 2849 Coeruleuru
1162 2791 1277 2852 nebula
1293 2791 1437 2852 funditur
1449 2793 1523 2852 orbe
1536 2795 1668 2872 jugum;
1741 2809 1750 2864 ιζ

118 2874 271 2952 Ajebsnt‚
290 2873 396 2952 doctos
408 2872 499 2932 edere
515 2871 578 2928 sive
594 2870 697 2929 libros.
933 2871 1074 2934 Arvalem
1088 2892 1228 2952 pompam
1240 2893 1324 2933 unae
1335 2884 1566 2954 mercatumque
1574 2877 1753 2954 recordans,

74 2954 212 3036 Agmine
244 2964 312 3036 post
339 2951 406 3014 ridi
435 2953 624 3012 scribentum
653 2962 747 3030 atque
772 2949 896 3024 agmina
975 2953 1672 3038 l'eldeuum,serpitqueregulthura,pete,
1744 2987 1748 3014 s

770 3043 897 3105 vatum,
933 3025 972 3094 Et
985 3035 1084 3108 cultus
1095 3037 1252 3114 mirorque
1262 3037 1382 3109 hortos,
1399 3059 1584 3118 camposque
1594 3049 1734 3120 putentes
1742 3088 1754 3116 ,

119 3119 256 3200 Parsque
271 3119 345 3180 levis
359 3115 460 3176 iactus
476 3136 542 3175 sum
557 3116 649 3174 miser
665 3115 729 3192 ipse
744 3118 858 3190 gregis.
975 3117 1184 3196 Gramiuequo
1193 3127 1223 3178 et
1232 3139 1315 3196 seges
1325 3129 1355 3180 et
1365 3122 1449 3179 rivus
1457 3129 1487 3178 et
1497 3123 1604 3184 umbra
1614 3122 1736 3202 placent
1745 3171 1755 3201 ,

72 3197 128 3262 Sic
142 3199 246 3280 oeque
258 3222 306 3261 me
320 3200 405 3260 iestis
416 3197 489 3258 olim
505 3218 573 3276 quae
589 3217 696 3276 ltorupa
708 3197 836 3264 diebos,
933 3197 1022 3259 Nunc
1032 3209 1115 3279 peto,
1130 3219 1197 3279 quae
1211 3201 1294 3280 sylva
1306 3202 1400 3262 valles
1411 3202 1567 3282 collesque
1580 3213 1728 3284 leguntur
1745 3249 1755 3280 ,

119 3283 182 3344 Nec
197 3304 332 3356 merces,
352 3301 410 3340 nec
425 3300 473 3338 me
488 3280 577 3339 turba
591 3289 731 3360 moratur
745 3275 858 3346 hians,
879 3311 886 3360 »Α
974 3281 1072 3341 Ubere
1087 3300 1164 3359 quos
1177 3280 1260 3362 juxta
1277 3294 1363 3361 prat„
1376 3283 1629 3364 liquorevpgenp3
1731 3311 1748 3356 ’,1.

77 3361 898 3445 Quaeplateasingens,quaetemplarepletquepupiuas:
935 3362 1023 3422 Unde
1035 3383 1113 3443 puer
1128 3366 1219 3422 matri
1235 3367 1429 3444 quaerebam,
1444 3386 1512 3446 quar
1527 3370 1580 3429 dal
1593 3389 1714 3430 emeres

121 3447 203 3522 Quid
225 3443 349 3508 mulla?
368 3448 456 3504 Anna
479 3458 604 3526 parum,
622 3464 684 3522 quo
701 3461 895 3522 recreamur,
978 3444 1069 3504 Polus
1083 3465 1099 3504 s
1114 3444 1197 3516 foliis
1210 3447 1303 3508 herba
1318 3458 1425 3510 vocula
1436 3450 1555 3523 tribus;

549 3537 552 3546 ’
794 3524 899 3586 habes.
937 3525 1043 3586 llulcia
1057 3528 1245 3588 arundileris
1265 3529 1401 3610 lymphis
1413 3535 1586 3610 stagnantis
1599 3553 1695 3608 rura,
1735 3595 1739 3606 ,

77 3613 118 3670 At
128 3605 376 3688 gratnm'mansit
388 3629 473 3669 caros
483 3606 596 3670 uidisse
608 3607 815 3686 propinquos,
878 3639 883 3688 3
980 3610 1096 3670 Praedia
1110 3629 1177 3688 qun
1192 3613 1322 3689 cingunt
1336 3615 1412 3672 ciris
1425 3633 1544 3675 ammae
1559 3616 1653 3692 boni3
1742 3631 1745 3680 ζ

121 3694 243 3770 Quique
263 3713 360 3752 annm
379 3689 524 3770 juvenem
538 3710 588 3750 sex
603 3690 710 3748 aluere
726 3688 825 3749 lares·
939 3693 1001 3769 Qua
1017 3692 1130 3752 florent
1143 3692 1227 3762 horti
1239 3739 1248 3768 ‚
1262 3693 1374 3754 florent
1388 3696 1522 3774 virgulta
1532 3743 1541 3774 ,
1553 3698 1651 3760 virete
1665 3741 1675 3773 ‚

76 3775 210 3846 Gaude,
225 3770 340 3852 siquid
352 3775 454 3834 adhuc
465 3792 552 3834 euros
565 3773 722 3831 terrestria
735 3790 836 3831 rerum
848 3817 858 3850 ,
980 3777 1016 3836 El
1030 3774 1177 3855 sylvestre
1190 3775 1279 3834 simul
1293 3777 1541 3859 pomiferumque
1549 3801 1666 3860 genus3

65 3861 70 3874 '
121 3854 300 3916 Coelicolum
314 3856 431 3934 gaude,
444 3873 556 3932 meque
567 3863 653 3912 luere
663 3854 784 3926 choris,
938 3857 1072 3937 Populus
1082 3866 1113 3916 et
1125 3858 1240 3938 patulis
1252 3879 1311 3936 qus
1328 3867 1387 3917 slot
1400 3880 1464 3919 nux
1480 3861 1613 3940 plurima
1625 3867 1717 3926 ramis
1730 3911 1739 3942 ,

79 3939 168 3998 luter
186 3937 266 3998 bella
280 3938 358 3997 mihi
373 3938 429 3997 sub
444 3957 505 4014 quo
515 3981 523 4008 ,
535 3956 593 3998 eeu
607 3945 695 4017 putre
706 3933 840 4014 secundo
849 3978 859 4010 ‚
981 3943 1046 3998 Stat
1061 3940 1169 4000 tacitas
1182 3940 1242 3999 rivi
1257 3959 1326 4018 quus
1342 3943 1419 4019 legit
1430 3943 1519 4002 alnus
1530 3965 1638 4026 aquas.
1747 4000 1752 4012 ,

121 4021 250 4082 Artibus
263 4021 385 4083 institui
400 4017 530 4095 contigit
544 4017 699 4096 ingenuis.
939 4015 1011 4082 Ilaee
1023 4022 1088 4082 loca
1099 4065 1110 4094 ,
1123 4022 1231 4086 secreti
1243 4021 1457 4103 invitantque
1469 4029 1715 4093 rurisemenlem
1728 4077 1738 4109 ,

80 4095 727 4182 Cognatosprarlerpurraestquoque'lurbo
737 4106 901 4184 superstet,
980 4104 1145 4181 ingenium
1157 4104 1270 4163 mentis
1285 4107 1373 4183 queis
1388 4108 1567 4170 meditantis
1576 4113 1679 4184 inest,
1747 4128 1751 4172 ἱ

124 4184 288 4246 Cfll'fl'mlhl
299 4181 404 4262 iuml
413 4202 482 4242 Gala
495 4185 776 4260 ffllssflffltllffivlws
939 4183 1214 4266 Nympharumque
1223 4186 1326 4247 choris
1335 4197 1455 4250 veteres
1468 4189 1634 4274 faunisque
1644 4213 1762 4254 sacros-

79 4268 165 4341 Qnos
178 4277 250 4328 etas
263 4264 484 4344 nobis‚sehola
496 4284 572 4342 quus
584 4272 614 4321 et
625 4265 709 4324 lusus
725 4265 859 4333 amicos,
1277 4295 1278 4298 =
1660 4284 1757 4336 „¹222

127 4348 266 4410 Candida
277 4348 330 4408 sed
345 4368 433 4425 usage
442 4366 527 4406 mens
541 4348 763 4424 ingeniumque
776 4347 880 4422 dedit;
983 4347 1037 4411 llic
1050 4369 1127 4428 ego,
1143 4370 1211 4429 que
1222 4349 1329 4433 juveni
1339 4353 1446 4414 semita
1457 4365 1544 4433 gruta
1558 4353 1621 4418 luit
1633 4400 1641 4428 ,

82 4436 121 4496 In
143 4432 275 4514 petrinus
298 4429 443 4490 reducem
464 4429 520 4508 qui
539 4448 588 4490 rue
608 4429 830 4508 excipiuntque
853 4431 903 4488 ie·
942 4433 1020 4494 Duru
1046 4453 1179 4514 sequor,
1201 4444 1295 4512 atque
1315 4436 1407 4496 avide
1427 4436 1524 4500 lustru
1545 4439 1618 4500 duur
1640 4439 1761 4516 singula

746 4522 817 4570 veut
846 4531 882 4572 ue
1096 4577 1100 4586 ,
1331 4569 1333 4576 s
1636 4541 1678 4582 nu
1702 4544 1736 4582 er

127 4594 517 4672 Absenlismemoresquus
530 4588 617 4671 iurat
630 4614 694 4654 esse
707 4593 779 4652 mei.
822 4532 842 4590 q
893 4556 902 4588 '
984 4587 1578 4682 lnmolli,suarisplenussnsoreloci‚
1682 4543 1701 4602 p
1752 4568 1761 4598 ’

85 4673 184 4738 Parra
207 4676 335 4758 quidem
353 4696 404 4749 es,
424 4696 496 4752 nec,
515 4673 614 4756 Dura,
628 4678 686 4739 tibi
707 4673 906 4734 memorabile
944 4678 1062 4756 Cespite
1075 4677 1215 4755 pinetum
1226 4690 1352 4760 propter
1364 4686 1539 4766 requiesco,
1552 4685 1723 4770 sedensque

711 4757 883 4836 quidquam
896 4783 906 4836 3
984 4757 1179 4837 Contemplor
1190 4760 1314 4821 frondes
1325 4771 1402 4824 tecta
1415 4786 1469 4846 per
1482 4767 1640 4841 arboreas,

131 4833 226 4900 Parra
240 4848 343 4900 lernen
357 4846 445 4900 natos
456 4887 464 4916 ,
475 4840 563 4918 queis
576 4841 747 4916 decoreris,
761 4840 864 4902 halles.
944 4843 1077 4902 Vestitus
1100 4839 1221 4904 hederis
1236 4865 1326 4923 supro
1341 4851 1498 4926 surgentia
1513 4867 1639 4924 muros,

6 4981 7 4994 ,
87 4919 235 4988 Actorem
252 4918 354 4982 lllreni
374 4923 823 5002 quiscastumneseitinoris‚
865 4987 891 4996 Η
986 4924 1119 5001 Quasque
1131 4923 1251 5003 plagam
1268 4931 1361 4989 turris
1375 4931 1474 5008 surgit
1486 4932 1518 4988 io
1534 4933 1722 5014 aetheream

133 5005 199 5079 Quo
218 5002 298 5088 bqne
310 5015 401 5076 causa
414 4998 484 5067 rire
499 5005 583 5086 nulle
599 5015 706 5066 luente
716 5003 799 5064 cadit
812 5007 827 5066 l
842 5063 844 5072 ,
948 5006 1088 5085 Dumque
1095 5006 1288 5084 juventutis,
1300 5010 1428 5090 puerilis
1439 5013 1598 5092 multaque
1611 5017 1703 5082 volve

5 5063 7 5132 l
74 5083 142 5156 ,tto
153 5086 439 5176 etiamflruullosqui
450 5081 549 5170 judex
562 5089 788 5178 emiueliuterj
990 5087 1098 5164 ditatis
1119 5109 1239 5180 mecum
1253 5093 1402 5176 ,jesuque
1419 5097 1484 5170 seni
1501 5099 1624 5178 propior
1634 5131 1658 5176 ,·
1677 5155 1696 5175 ¹,
