3878 5718
888 278 928 337 99

53 379 251 460 Tranquillo
278 387 416 466 spectans
435 380 577 446 umbram
597 425 608 452 ,
638 401 708 460 qum
736 385 884 465 preterit,
924 383 969 442 lle
981 401 1154 462 verosupcr
1166 381 1534 452 baaosolnmenuontinia
1547 389 1674 462 mundi!

283 527 286 536 1
809 465 883 543 ilic,
923 465 1010 526 infra
1029 485 1079 528 me
1101 465 1192 544 longe
1211 463 1295 526 solat
1315 465 1390 527 hinc
1412 485 1481 526 oum
1502 489 1659 531 murmure
1677 470 1738 531 ful·

52 543 163 607 Tutus
177 552 210 604 et
223 549 368 608 eternum
382 541 509 602 ludente
531 541 665 602 libidine
677 547 766 604 sortis
783 592 790 619 ‚
1647 573 1738 629 nen3

49 627 79 684 'A
94 645 167 704 quo
178 625 353 696 descendit,
364 625 503 700 sequitur
510 626 575 703 jam
584 623 886 692 lumineourruml...
922 624 1059 702 Nubila,
1079 635 1242 687 ventorum
1261 647 1364 706 penna
1383 649 1524 707 percussa
1539 639 1723 706 retentum,

50 704 119 764 lile
134 707 237 778 animi
252 706 350 770 comit
371 703 510 768 fluitante
534 706 566 764 in
585 708 708 784 gurgite
725 716 826 768 motus
921 705 1007 766 lliiro
1020 707 1137 785 pariter
1147 706 1295 768 luctantia
1313 710 1449 779 vortice,
1471 719 1508 770 ut
1526 710 1587 787 illi,

27 833 30 840 r
53 786 141 848 Vela
162 786 332 865 procelloso
344 786 506 865 implentes
519 787 660 848 mortalia
674 787 766 864 ilatn;
922 788 983 846 Ceu
994 807 1091 847 novus
1112 808 1243 850 oceanus
1257 789 1314 850 sub
1335 800 1515 870 tempestate
1546 801 1738 864 tumescens,

51 865 99 926 'At
114 869 228 930 dubiis
247 867 329 930 ultra
351 887 410 946 pax
430 887 493 932 non
513 868 656 928 turbatur
673 869 712 927 ab
725 871 827 939 auris.
922 867 1099 928 Volvuntur
1113 869 1205 929 nullis
1215 873 1283 930 sine
1299 871 1363 936 iine
1376 875 1509 932 coercita
1523 873 1617 953 ripis,

54 948 148 1014 Mem
161 952 215 1011 oui
239 950 319 1018 bota
341 949 571 1025 deo-nunquam
596 959 735 1010 mutante
756 952 886 1030 quievit.
922 949 961 1008 Et
973 950 1078 1028 positis
1088 953 1198 1012 animis
1213 952 1278 1012 haec
1296 961 1368 1011 ante
1387 954 1545 1013 cacumina
1558 953 1697 1031 magnis,

20 1095 24 1104 ,
57 1030 211 1106 Grandia
225 1050 317 1110 quem
339 1029 452 1110 gaudet
469 1029 679 1110 contemplans
703 1030 757 1096 ille
781 1053 886 1100 crean-
921 1029 1071 1110 Perpetuo
1086 1033 1125 1102 ad
1147 1031 1305 1113 scopulum
1325 1053 1358 1095 se
1372 1033 1518 1098 scindunt
1537 1035 1651 1114 impete
1667 1053 1739 1098 ras-

807 1123 867 1173 tem
1656 1121 1737 1178 lunt.

57 1193 209 1264 dientes,
234 1193 288 1272 qui
301 1192 431 1252 vincunt
441 1200 549 1252 ventos
559 1201 589 1252 et
600 1190 716 1252 fulmen
731 1203 761 1254 et
774 1159 888 1270 tarum:
920 1191 960 1262 At
987 1191 1104 1255 circum
1135 1191 1227 1258 chaos
1252 1191 1348 1255 hocce
1366 1193 1458 1274 pedes
1484 1193 1560 1254 dum
1592 1204 1739 1255 exaestuat

56 1274 174 1334 Robur
199 1276 254 1334 ubi
264 1319 277 1347 ,
298 1294 390 1351 seque
411 1283 561 1333 ueternum
584 1275 659 1332 deus
679 1273 732 1334 iile
743 1279 883 1343 verendae
1620 1285 1740 1351 atrum,

55 1355 96 1416 Et
110 1355 224 1416 solidae
235 1357 390 1434 inscripsit
408 1355 493 1424 moli.
514 1357 576 1428 Qua
597 1354 755 1418 flammeus
769 1356 845 1421 hora
920 1353 969 1416 Sol
984 1373 1143 1433 nunquam
1160 1365 1295 1416 cessante
1307 1363 1398 1435 caput
1419 1353 1581 1436 splendore
1592 1364 1738 1417 coronat:

57 1443 198 1498 Aurorae
208 1446 313 1497 vertex
329 1437 430 1500 radios
443 1437 635 1513 reddensque
650 1437 782 1497 colorem
795 1483 804 1513 ,
920 1435 1053 1494 AEtheris
1067 1438 1099 1494 in
1116 1438 1246 1516 spatium
1259 1457 1353 1496 curru
1365 1457 1425 1514 qua
1440 1437 1540 1496 fertur
1552 1437 1591 1496 ab
1602 1438 1697 1513 hora,

59 1518 172 1590 Qualis
184 1519 408 1578 nocteiucensa
425 1515 537 1594 pharus
549 1515 678 1584 coelestis
689 1561 697 1589 ‚
710 1520 742 1577 in
756 1520 863 1583 umbra
920 1516 1025 1593 Usque
1036 1521 1102 1597 ejus
1112 1517 1212 1596 pelagi
1224 1538 1285 1596 qua
1298 1517 1413 1579 labitur
1425 1516 1507 1576 orbis
1515 1519 1549 1580 iu
1559 1519 1677 1596 undas,

60 1599 370 1676 Scintillasfugiente
381 1598 501 1668 vibrat,
509 1600 576 1676 jam
590 1599 727 1660 eoncitus
739 1599 802 1673 ille,
921 1597 1051 1674 Obliquo
1063 1600 1187 1676 signans
1203 1599 1264 1658 hoo
1284 1599 1395 1660 coelum
1415 1597 1541 1658 tramite
1558 1599 1643 1659 sidus

61 1683 146 1752 Quos
155 1699 217 1760 per
230 1681 348 1739 radices
359 1679 421 1738 late
434 1698 521 1736 rnons
535 1679 652 1754 fundit,
669 1701 803 1744 amoenos
920 1678 987 1742 Non
998 1677 1063 1741 illic
1076 1700 1212 1760 unquam
1226 1678 1393 1739 maculavit
1402 1678 1507 1738 lumen
1522 1680 1555 1736 in
1566 1681 1698 1756 umbra,

60 1762 241 1840 Exsuperat
254 1761 370 1830 colles,
386 1759 560 1838 sensimque
583 1771 705 1824 evectus
718 1781 845 1840 opacum
920 1757 955 1816 Et
969 1757 1030 1838 jam
1045 1760 1172 1819 stellatis
1194 1763 1283 1836 nigra
1303 1779 1364 1818 nox
1394 1759 1552 1821 descendit
1572 1762 1610 1820 ab
1632 1764 1694 1822 oris
1711 1807 1722 1837 ,

59 1842 98 1902 In
114 1843 228 1912 latus,
250 1850 380 1902 mternas
401 1861 490 1920 passu
516 1853 642 1918 repento
663 1853 803 1920 penetrat
921 1840 1019 1912 Quum
1033 1840 1101 1902 vale
1114 1841 1168 1906 illo
1191 1843 1283 1907 otiam
1311 1841 1423 1925 sepelit
1446 1839 1492 1902 soi
1517 1839 1653 1902 culmine
1668 1843 1738 1902 lon.

59 1924 125 1980 Sub
151 1925 259 2002 pinus.
282 1923 367 1982 Sicco
387 1929 523 1984 torrente
540 1922 593 1984 hio
612 1922 715 1982 alvens
740 1944 838 1982 urium
1649 1945 1736 2004 gum.

59 2004 186 2070 Praebet
197 2004 256 2064 iter
267 2049 277 2082 ‚
290 2004 465 2092 pendetque
488 2021 676 2090 supernans
699 2003 817 2068 fornice
831 2025 881 2063 ru·
919 2001 989 2066 lllic
1000 2001 1113 2069 laetitiae
1129 2001 1208 2060 mihi
1224 2001 1281 2059 sub
1293 2009 1432 2061 torrente
1442 2003 1564 2060 natanti

777 2097 780 2104 ’
804 2105 882 2164 pes,
919 2083 1020 2140 Latius
1033 2085 1253 2162 adspectusquc
1270 2086 1452 2159 animusque
1471 2080 1641 2144 effunditur
1651 2104 1735 2164 una,

57 2165 152 2226 Nunc
164 2174 251 2225 retro
266 2206 275 2236 ,
297 2163 399 2224 subito
414 2181 574 2241 suspensus
593 2166 732 2242 margine
745 2210 753 2239 ,
769 2167 851 2224 cedit
919 2166 955 2224 Et
971 2163 1144 2232 ‚libertatis
1156 2163 1308 2242 respirans
1325 2182 1395 2222 aera
1409 2165 1480 2223 sede
1488 2209 1498 2238 ‚

59 2248 245 2321 Attonitus,
266 2253 368 2324 stupet
387 2253 517 2321 augusto
541 2242 708 2323 lumenque
731 2267 845 2324 pavore
920 2242 1109 2324 Fulgorique‘
1121 2264 1175 2304 suo
1189 2244 1287 2303 credit
1300 2242 1449 2321 reddique
1471 2265 1588 2307 sereno.

57 2328 124 2386 lina
137 2329 251 2386 horret
275 2326 469 2404 gaudetque,
488 2325 544 2385 diu
571 2325 759 2404 volvensque
781 2337 885 2386 tuetur
921 2327 998 2389 titae
1017 2346 1127 2403 nempe
1140 2345 1270 2404 gravans
1294 2324 1344 2388 his
1365 2325 1434 2384 coeli
1455 2345 1527 2386 cura
1554 2327 1611 2386 sub
1631 2333 1713 2388 auris
1722 2375 1735 2403 ,

58 2409 124 2468 Sub
148 2409 283 2489 pedibus
307 2405 510 2472 barathrum!
533 2406 657 2472 Scandit
677 2409 886 2475 sdiffunditur
922 2405 1163 2484 Contemtusque
1176 2406 1339 2465 bominum
1355 2405 1498 2484 livorque
1511 2407 1736 2487 odiumquefe-

57 2570 168 2632 latius
184 2589 236 2628 ora
250 2567 332 2648 poli;
357 2537 500 2637 sdasidit,
523 2587 615 2646 seque
638 2567 770 2648 explicat
790 2509 887 2644 iiliffe
920 2567 1034 2641 llerss,
1062 2587 1120 2628 neo
1140 2566 1217 2626 hinc
1243 2567 1369 2628 comites
1397 2585 1535 2646 unquam
1555 2501 1736 2632 moriitiiii

57 2653 193 2710 Aurora}
207 2650 293 2710 velut
315 2659 386 2710 ante
407 2669 492 2714 novae
516 2671 547 2708 se
569 2651 707 2727 porrigat
726 2671 802 2725 ora¹
1595 2651 1734 2716 haerenti

58 2734 274 2805 Immensum5
289 2730 422 2790 mundus
436 2750 526 2809 passu
541 2731 596 2788 sub
618 2751 741 2815 quoque
760 2734 884 2793 videtur
919 2731 983 2792 lma
997 2737 1106 2809 petunt
1123 2727 1206 2792 ultro
1219 2775 1227 2804 ,
1242 2726 1313 2787 vilis
1329 2749 1385 2789 ceu
1397 2725 1512 2791 lamina
1526 2728 1656 2809 plumbi.

57 2814 247 2880 luminibus
268 2814 351 2872 nasci
364 2858 372 2887 ‚
386 2831 527 2888 supremo
549 2813 583 2870 in
607 2815 722 2872 vertice
743 2813 841 2876 donec
920 2813 982 2888 tio,
997 2831 1059 2891 quo
1071 2831 1146 2890 pura
1161 2812 1257 2888 magis
1268 2853 1279 2890 ,
1291 2811 1387 2890 magis
1398 2810 1457 2872 hac
1469 2811 1563 2870 homo
1583 2817 1734 2892 mergitur

57 2895 171 2953 Libera
188 2891 250 2990 iam
261 2895 365 2973 spatiis
388 2892 524 2969 gaudent
547 2892 703 2955 dominata
716 2899 843 2973 vagari!
1617 2894 1735 2956 unda*
1800 2909 1804 2918 ’

60 2977 111 3042 Sic
119 3021 130 3052 ‚
147 2977 204 3034 ubi
226 2984 330 3035 nostra
351 2993 441 3034 suum
458 2972 498 3036 ttd
518 2973 636 3037 ioulem
651 2995 737 3041 ruens
758 2977 886 3050 avolat,
920 2973 1056 3052 Effigiem
1068 2973 1165 3032 nostri
1186 2991 1289 3031 seeum
1303 2972 1353 3033 vix
1376 2971 1486 3030 extulit
1507 2973 1609 3034 orbis!

795 3079 885 3124 omiss
920 3055 959 3114 dt
974 3064 1024 3113 tua
1038 3056 1139 3132 imago
1152 3099 1161 3129 ,
1175 3053 1256 3116 Dcus
1267 3097 1277 3126 ,
1289 3053 1380 3113 rastis
1390 3052 1443 3114 hic
1456 3073 1556 3130 sparsa
1570 3055 1690 3132 figuris,

61 3138 98 3196 Iu
115 3147 240 3215 tempus
256 3135 380 3199 tandem
399 3145 518 3194 terrena
534 3135 615 3194 valle
626 3135 749 3207 relicta¹
920 3136 966 3201 Ad
982 3145 1012 3195 te
1024 3155 1055 3194 se
1073 3134 1201 3203 tollens,
1218 3134 1330 3198 nostris
1348 3142 1408 3192 stat
1426 3131 1564 3192 vultibus
1582 3147 1693 3209 aucta3

61 3220 179 3293 Quouis
191 3221 224 3277 in
239 3217 350 3282 coelum
364 3236 473 3296 penum
488 3235 549 3294 quo
563 3216 683 3274 tollitur
693 3219 757 3277 ictu
771 3264 780 3292 ‚
919 3217 1018 3294 thue
1034 3216 1290 3280 sacerdotisancti
1306 3212 1471 3294 penetralis
1484 3215 1518 3272 in
1542 3216 1672 3293 umbra,

62 3300 194 3378 Largior
207 3309 253 3358 est
264 3299 361 3358 oculis
374 3301 440 3376 ejus
457 3299 511 3374 qni
531 3298 678 3376 panditur
695 3300 777 3360 orbis
796 3345 804 3374 ,
919 3298 1040 3361 Secreto
1056 3307 1086 3356 te
1097 3299 1199 3362 animo
1213 3297 1340 3374 vestigia
1354 3314 1486 3375 qoaeque
1499 3295 1640 3358 revelant
1648 3321 1658 3374 ;

64 3382 314 3459 liundorumque
323 3387 429 3459 patent
440 3379 575 3456 subjecta
591 3391 699 3440 ar'cana
712 3380 826 3440 solanti
843 3405 851 3454 ;
920 3380 1071 3459 Sylvaquo
1096 3399 1189 3460 opaca
1202 3378 1293 3438 silens
1306 3388 1338 3436 et
1350 3397 1412 3436 nox
1433 3375 1563 3436 sublime
1577 3389 1735 3444 susurrant

65 3463 168 3540 lisque
181 3482 296 3526 novum
310 3462 485 3544 reperitque
499 3469 529 3518 et
541 3459 660 3526 tollitur
683 3459 775 3520 altius
787 3484 885 3544 usque
920 3464 1073 3522 Arcanum
1089 3461 1201 3534 tacito,
1214 3460 1311 3519 scenis
1320 3459 1478 3540 infixaque
1487 3460 1575 3520 miris

65 3545 337 3623 Adsacrosapices
346 3587 355 3618 ,
366 3541 519 3620 seraphim
534 3561 595 3619 quo
608 3541 706 3604 limite
722 3544 804 3604 visus
920 3544 1039 3608 Deserti
1054 3542 1144 3600 discit
1159 3551 1211 3601 tua
1230 3561 1316 3600 mens
1330 3539 1453 3603 oracula
1469 3559 1556 3604 voce.

66 3626 233 3693 immensis
243 3625 347 3703 spatiis
360 3623 515 3698 immergit
528 3622 645 3688 lumina
663 3622 760 3686 nullo.
919 3624 1060 3686 Vidimus
1071 3625 1177 3682 oceani
1188 3622 1381 3688 tremefactos
1401 3639 1525 3702 aeqoore
1538 3619 1650 3684 fluctus
1664 3669 1676 3696 ,

67 3707 155 3766 Celsa
172 3707 266 3775 ‚nire
279 3715 310 3764 et
325 3705 424 3787 glacie
436 3703 580 3766 salveteo
600 3724 675 3769 arra
684 3725 825 3788 corusca,
919 3705 986 3768 Nou
996 3725 1080 3764 secus
1090 3725 1126 3764 ac
1138 3705 1259 3783 bijuges
1272 3710 1374 3784 raptos
1385 3721 1440 3780 per
1454 3701 1545 3782 plana
1564 3703 1698 3782 feroces,

65 3785 203 3848 noram
228 3805 299 3865 quus
323 3785 600 3860 servastisrestigia
615 3784 722 3849 nulla!
920 3788 978 3849 Ore
992 3795 1045 3844 tuo
1054 3788 1154 3863 jussos
1166 3785 1304 3845 madidos
1318 3780 1460 3844 evolvere
1478 3785 1579 3844 crines
1588 3831 1597 3860 ,
1693 3802 1696 3807 ·

66 3869 145 3948 lpsae
159 3889 215 3929 vos
228 3869 308 3934 acies
321 3867 467 3940 horrent3
490 3866 570 3932 mihi
586 3868 708 3945 cognita
726 3866 781 3928 soli
924 3868 961 3928 Et
974 3866 1084 3931 rabido
1098 3886 1243 3946 superare
1259 3862 1531 3944 fragosarepagula
1547 3864 1637 3943 saltu,

66 3949 294 4028 Atqueaquilis
309 3949 427 4028 ‚prima
442 3946 578 4012 sublaco
600 3957 726 4025 ereata,
743 3947 885 4013 verendas
922 3949 997 4016 Tum
1010 3994 1023 4026 ι
1036 3949 1138 4013 subito
1157 3947 1255 4012 fraeno
1270 3947 1329 4012 tihi
1347 3954 1458 4010 cuncta
1472 3955 1599 4011 tenente
1620 3967 1741 4030 repres-

67 4030 272 4111 Pyramides,
290 4029 387 4090 solido
416 4029 483 4108 ipse
503 4029 579 4088 dous
609 4029 887 4094 fundaminetutss
1670 4050 1740 4103 sos,

67 4115 149 4194 ⁸Quin
162 4113 266 4194 posuit
279 4158 289 4191 ,
302 4110 412 4178 mundi
430 4117 620 4184 extremum,
644 4112 732 4192 queis
754 4111 889 4178 ambitus
924 4110 1096 4174 Attonitum
1107 4108 1327 4170 inbarathrum
1338 4118 1421 4169 retro
1432 4107 1739 4192 volvissegementeq

658 4193 661 4198 ’
834 4193 889 4254 ilia
925 4193 1065 4251 Vidimus
1078 4201 1109 4251 et
1129 4189 1243 4254 flumen
1254 4193 1328 4270 ripe
1338 4191 1502 4251 viridantis
1514 4211 1619 4252 amore

70 4274 177 4354 stagna
190 4274 231 4335 ab
243 4273 313 4334 lnce
327 4292 398 4333 suus
409 4318 419 4350 ‚
432 4281 575 4334 constans
585 4272 756 4352 mansitque
767 4273 865 4351 figura
879 4297 888 4340 ·.·
924 4273 1074 4336 Paulatim
1089 4273 1174 4334 molli
1183 4271 1294 4331 libasse
1311 4271 1489 4334 umbracula
1501 4270 1597 4336 fluctu
1609 4318 1620 4347 ,

75 4357 182 4418 Vestra
199 4377 256 4436 per
268 4359 421 4418 incassum
442 4363 610 4417 sonuerunt
632 4354 767 4414 culmina
779 4356 888 4429 nubes,
925 4356 1020 4434 inque
1034 4355 1096 4413 suis
1112 4356 1173 4416 oris
1186 4353 1322 4413 velatum
1337 4352 1494 4429 frigoroet
1508 4354 1640 4430 umbra,

73 4437 224 4517 Turgente
243 4439 396 4500 incassum
416 4434 552 4500 sulcatur
570 4435 609 4500 ab
623 4455 713 4498 amne
731 4457 867 4516 vorago,
922 4437 1070 4498 Piscantis
1083 4434 1147 4494 leni
1159 4435 1300 4512 cymbam
1310 4441 1580 4507 motaresusurr03

72 4517 227 4584 incassum
248 4519 368 4580 feriunt
385 4517 526 4577 duratam
546 4515 678 4582 Fulmina
691 4518 846 4593 frontem3
922 4518 1063 4586 vidimus
1075 4517 1212 4579 etfracto
1226 4514 1388 4578 reboantia
1408 4515 1543 4579 fulmina
1557 4513 1620 4578 telo

71 4598 146 4668 dan
168 4603 231 4662 cito
251 4600 393 4662 fflscussis
410 4598 498 4662 frons
525 4606 626 4662 restra
649 4607 777 4682 augusta
799 4608 887 4659 tene*

768 4681 833 4744 bris
847 4717 888 4735 .-

69 4762 240 4830 lioxiusois
254 4763 343 4822 nobis
356 4769 392 4820 ut
409 4761 669 4821 circumfunditur
678 4729 848 4824 umbris-1
955 4759 971 4789 ¹*
982 4759 1038 4828 Quo
1048 4757 1132 4806 minus
1142 4754 1242 4806 mireris
1256 4755 1285 4805 in
1306 4755 1355 4806 ¹¹⁰⁰
1371 4753 1483 4806 earmina
1504 4755 1619 4820 quadam
1638 4755 1744 4829 ⁰b⁸⁰t¹¹²

67 4843 643 4926 aare10naam1sweris
923 4823 999 4940 to
1015 4820 1748 4954 :atstandandans:strictitate

66 4927 171 5004 lotus,
183 4946 248 5005 quo
260 4926 407 5021 tremuit,
425 4925 554 4994 victrix,
577 4923 732 5020 hodieque
750 4925 888 4987 ridetur:
924 4925 1012 5010 stituit.
1022 4955 1106 5018 Inque
1117 4951 1160 5002 hio
1173 4922 1259 5012 „gub
1278 4957 1332 5018 post
1352 4965 1450 5002 versuo
1476 4957 1622 5019 „quatem
1640 4949 1703 5016 duo,
1715 4957 1742 5005 g

66 5009 148 5076 Ecce
166 5019 253 5072 tuom
270 5005 276 5066 i
298 5008 413 5072 dtxtsse
426 5007 493 5088 {deo
509 5027 591 5091 ‚quo
609 5007 668 5070 fixit
683 5007 867 5094 irtutttphai.
924 5027 982 5072 anto
994 5017 1101 5073 radimus
1113 5019 1194 5070 ocanni
1205 5013 1499 5082 qnatttordesidcrantur.

1301 4667 1733 4689 m
